3600 5334
847 655 1071 720 ,60-

398 833 510 900 Iiciui
529 854 692 900 1111113111
703 833 812 918 paleis
835 840 932 900 eruat
946 835 1030 901 VIII
1046 835 1076 915 3,
1090 832 1124 917 6;
1147 836 1214 902 aeli
1229 835 1332 901 uotae
1341 837 1523 920 praeterire

396 962 540 1007 marmor
579 943 631 1007 XI
664 941 714 1023 13,
736 941 770 1022 2,
811 962 977 1007 marmora
1014 941 1173 1009 Messalae
1213 941 1310 1022 fiuclil
1355 944 1523 1026 capillum

398 1050 433 1115 X
455 1048 485 1127 2,
499 1047 533 1129 9;
564 1069 728 1114 marmora
752 1068 860 1132 parva
890 1049 1031 1130 quidem,
1065 1051 1120 1114 real
1142 1070 1208 1115 aaa
1231 1069 1359 1116 casura
1381 1051 1416 1116 X
1434 1049 1524 1133 63,1;

399 1155 522 1221 brevem
542 1156 671 1221 tilulum
693 1156 865 1221 marmoris
888 1155 987 1221 huius
1010 1176 1086 1221 arua
1107 1158 1142 1222 X
1156 1156 1209 1237 71,
1222 1155 1256 1239 2;
1279 1156 1336 1221 hoc
1357 1155 1415 1224 sub
1437 1179 1522 1223 urar-

399 1282 486 1327 more
510 1262 664 1329 Glaucias
686 1261 838 1327 humatae
861 1262 910 1328 VI
933 1261 986 1342 28,
1000 1261 1029 1327 4.
1073 1260 1231 1327 Similiter
1253 1263 1330 1330 elur
1352 1261 1441 1328 idem
1464 1262 1523 1327 de-

400 1365 506 1432 clarat
537 1364 626 1452 quod
654 1366 742 1432 alea:
773 1373 921 1434 uestrum
944 1416 950 1431 .
974 1421 981 1434 .
1005 1421 1011 1434 .
1038 1375 1152 1454 passui
1175 1369 1265 1437 ebur:
1287 1371 1373 1436 XI[[
1390 1370 1419 1452 1,
1433 1369 1463 1434 6.
1479 1402 1523 1417 -

399 1470 578 1539 Addantur
600 1475 717 1539 statim
740 1494 793 1538 res
817 1495 859 1539 ex
876 1472 944 1539 alia
959 1476 1101 1540 materia
1115 1474 1311 1558 fabricatae,
1336 1496 1422 1561 quae
1437 1495 1523 1541 non·

400 1579 479 1645 dum
514 1579 638 1645 allatae
673 1584 762 1646 sunt.
818 1579 882 1646 Pro
918 1568 1028 1647 calceo
1060 1581 1148 1646 enim
1180 1583 1338 1668 scriptum
1368 1582 1523 1648 videmus

399 1691 535 1755 alulauu
567 1690 692 1755 coaciam
722 1711 788 1754 uou
814 1692 937 1757 laesura
961 1689 1072 1774 piupil
1095 1690 1186 1757 alula
1203 1693 1317 1773 peelera
1338 1691 1374 1756 Π
1396 1689 1449 1768 29,
1463 1689 1522 1773 83¹)

398 1802 498 1878 rupta
520 1848 527 1861 .
551 1847 559 1861 .
583 1817 791 1881 ,1113119113
822 1797 888 1862 eicit
912 1796 1004 1862 aluta
1025 1798 1094 1862 XII
1118 1796 1241 1880 21911,
1273 1816 1331 1881 pro
1355 1795 1523 1861 tebulise

399 1920 476 1966 cera
499 1899 659 1967 conlectis
684 1922 725 1967 ea
739 1902 814 1987 ipsa
830 1899 1026 1967 collocatur:
1051 1903 1262 1987 quinquiplici
1276 1926 1367 1969 cera.
1381 1955 1408 1970 ..
1424 1906 1524 1972 autur

400 2009 485 2076 allus
515 2009 613 2074 leuas
643 2010 725 2076 XIV
748 2010 781 2085 43
812 2029 874 2074 neo
904 2028 973 2074 nen
996 2010 1166 2095 pertinent
1191 2007 1235 2074 ad
1258 2007 1322 2074 hoc
1344 2029 1451 2092 genus
1474 2033 1523 2076 re·

399 2136 533 2197 uusqcu
556 2116 632 2182 sella
651 2115 817 2199 linteisque
832 2116 968 2199 araque
991 2119 1025 2184 Π
1040 2116 1093 2198 67,
1107 2117 1137 2200 6,
1154 2116 1174 2181 i.
1190 2136 1217 2181 e.
1234 2114 1318 2182 sella
1332 2116 1523 2181 recentibus

400 2220 581 2307 plagulis31)
605 2221 653 2287 sio
674 2223 779 2290 liaum
802 2220 972 2305 significat
993 2225 1065 2288 rete
1089 2244 1107 2288 e
1130 2220 1286 2288 funiculis
1309 2221 1421 2288 linteis
1444 2243 1523 2288 oon·

405 2326 532 2394 lectum
554 2331 727 2415 impediam
750 2331 866 2414 lepores
887 2332 1002 2397 uuida
1023 2332 1094 2397 lina
1116 2352 1200 2397 meos
1221 2332 1256 2397 X
1279 2328 1400 2410 37,16.

490 2434 605 2522 Neque
637 2435 680 2501 ab
711 2435 764 2502 his
787 2436 871 2502 talia
894 2434 1089 2502 abhorrent:
1120 2444 1206 2504 mola
1227 2437 1353 2505 salubre
1370 2459 1524 2522 purpura

399 2543 487 2609 veuit
509 2545 625 2629 frique,
649 2543 668 2608 i.
693 2564 720 2609 e.
743 2545 839 2609 veste
863 2563 1031 2629 purpurea
1053 2542 1085 2607 X
1099 2543 1153 2624 30,
1169 2544 1223 2628 153
1248 2551 1434 2611 copulatura
1456 2543 1524 2626 fuit

400 2649 593 2736 Mepaleaeis
617 2673 772 2735 purpura
802 2658 928 2717 ceuluru
959 2651 1120 2735 (aarum),
1156 2650 1175 2714 i.
1207 2671 1234 2715 e.
1264 2654 1346 2734 toga
1376 2649 1523 2716 eiusdem

400 2754 519 2822 coloris
553 2756 585 2822 X
608 2758 661 2839 41,
681 2757 714 2832 5;
751 2764 780 2824 le
815 2758 952 2839 (71611111)
984 2780 1133 2842 purpura
1167 2759 1301 2826 delicata
1334 2760 1417 2842 aelii,
1452 2758 1472 2823 i.
1496 2779 1523 2822 e.

403 2863 600 2929 membrana
621 2864 746 2930 rubens
770 2863 825 2930 vel
847 2884 1014 2950 purpurea
1036 2867 1088 2931 ΙΠ
1104 2865 1135 2948 2,
1152 2864 1208 2949 10;
1232 2863 1383 2931 similiter
1398 2867 1524 2931 exstat:

400 2993 486 3037 cocco
508 2973 606 3039 mulio
627 2972 730 3057 fulget
751 2975 786 3039 X
807 2972 861 3056 76,
875 2972 910 3055 9,
933 2972 953 3036 i.
977 2992 1003 3037 e.
1027 2970 1232 3037 vestimento
1257 2973 1441 3054 coccineall

928 3185 1000 3269 §a

491 3307 587 3373 Nunc
626 3306 769 3394 deniqne
803 3309 1039 3395 perveniamus
1074 3308 1117 3374 ad
1152 3329 1193 3376 ea
1228 3308 1397 3394 exempla,
1438 3328 1523 3393 quae

402 3415 465 3481 sub
487 3415 628 3480 eandem
642 3417 806 3482 rationem
823 3416 980 3482 cedentia
995 3413 1144 3482 nondum
1160 3416 1419 3481 commemorata
1434 3417 1523 3480 sunt.

402 3524 451 3588 Ac
481 3522 623 3608 primum
655 3521 788 3607 quidem
819 3521 1030 3588 afferendum
1061 3525 1115 3588 est
1140 3525 1286 3607 paudus,
1320 3521 1409 3607 quod
1435 3520 1524 3587 idem

402 3629 495 3696 valet
518 3650 557 3695 ae
572 3628 675 3696 fetus:
699 3631 785 3697 dulci
804 3633 858 3697 secl
868 3632 1010 3715 paudere
1025 3636 1134 3697 1111111
1151 3631 1188 3709 (si
1204 3634 1332 3712 tumeat)
1348 3631 1430 3697 XIV
1449 3629 1525 3711 151;

402 3735 490 3802 idern
521 3735 677 3821 designat
707 3737 809 3803 etiam
833 3737 985 3820 inguina:
1018 3735 1146 3825 [3111113]
1169 3737 1332 3805 Iudaeum
1354 3740 1445 3806 uuae
1467 3738 1524 3804 sul

402 3851 472 3912 cuie
497 3847 627 3930 paudus
656 3845 749 3912 labet
771 3845 838 3912 VII
860 3844 914 3925 35,
926 3843 957 3910 4.
970 3844 1071 3909 —Ut
1100 3843 1167 3910 illio
1196 3865 1214 3909 e
1237 3845 1439 3930 proprietate
1463 3864 1525 3908 sna

402 3949 607 4034 intellegitur
619 3972 672 4017 res
684 3951 768 4038 ipsa,
783 3950 832 4017 ite
844 3950 879 4016 in
892 3950 957 4016 his:
977 3958 1196 4034 ualealalque
1210 3957 1284 4018 luas
1300 3973 1403 4018 aurea
1418 3972 1525 4017 massa

494 4129 513 4196 ²)
534 4129 580 4182 Sic
598 4127 738 4196 intellegit
756 4127 811 4183 hoc
829 4129 947 4183 verbum
966 4127 1117 4197 Georges
1136 4127 1165 4181 in
1183 4127 1284 4184 lexico.

494 4215 590 4283 11Η33
614 4215 709 4283 potins
734 4216 770 4270 ad
795 4216 1005 4286 synecdochem
1030 4215 1184 4281 referimus,
1210 4216 1283 4287 quod
1302 4233 1320 4270 a
1338 4216 1525 4285 sigilioatione

402 4301 516 4372 propria
528 4303 564 4354 ad
578 4301 781 4357 translaticiam
791 4306 971 4359 transeuntes
984 4305 1101 4359 limitem
1114 4303 1272 4374 transgredi
1282 4320 1339 4359 non
1350 4304 1483 4373 cogimur,
1496 4304 1526 4358 id

404 4389 479 4458 quod
496 4405 642 4443 monemus
661 4395 761 4446 contra
773 4393 963 4462 Fengerum
983 4394 1010 4461 ll.
1024 4409 1046 4448 s.
1059 4409 1080 4448 s.
1094 4409 1140 4464 pg.
1153 4393 1206 4462 28),
1227 4393 1274 4464 qui
1285 4393 1355 4448 illud
1367 4393 1526 4464 exemplum

403 4491 453 4544 per
470 4476 671 4547 metonymiam
690 4479 837 4549 intellegit.
