3600 5334
815 605 1038 671 ..30-

365 783 445 848 dum
475 781 609 848 videtur
639 802 724 865 esse,
755 780 844 868 quod
868 779 949 846 dicit
971 781 1122 864 Pecz‚¹)
1155 780 1334 866 eutropis,
1367 780 1488 866 quibus

365 892 539 976 poetarum
556 889 695 976 quisque
718 890 845 969 utatur,
869 887 1015 973 perbene
1030 886 1172 975 perspici
1187 907 1295 973 posse,
1320 890 1489 973 quatenus

366 994 480 1081 aliqua
510 1016 591 1078 gens
615 1017 637 1062 a
658 994 731 1060 iera
753 993 943 1080 agrestique
974 996 1048 1060 vita
1078 991 1121 1060 ad
1144 993 1331 1061 humanum
1361 993 1489 1060 cultum

366 1101 564 1188 civilemque
589 1100 732 1167 deducta
755 1101 808 1166 sit.
847 1100 959 1181 Quid?
996 1099 1033 1165 In
1058 1100 1264 1187 metaphora,
1293 1122 1395 1187 quam
1418 1100 1488 1166 cla·

366 1209 487 1275 rissimi
506 1209 595 1274 inter
610 1206 756 1274 Graecos
779 1209 899 1293 poetae
923 1207 1049 1290 tragici,
1074 1205 1272 1293 Aeschylus
1296 1206 1487 1294 Sophocles,

366 1313 550 1401 Euripides,
563 1314 864 1396 conformaverunt,
881 1334 994 1379 nonne
1011 1311 1253 1399 quodammodo
1266 1334 1425 1399 expressa
1436 1315 1490 1380 est

366 1420 470 1487 facies
497 1420 627 1488 illorum
659 1421 808 1487 aetatis?
854 1421 981 1500 Quibus
1006 1420 1046 1487 de
1079 1420 1189 1487 causis
1212 1422 1357 1487 fructum
1381 1441 1488 1507 quen·

366 1527 445 1594 dam
468 1526 523 1594 vel
546 1549 588 1594 ex
610 1527 674 1593 hoc
696 1526 807 1594 libello
831 1526 875 1593 ad
896 1531 1065 1615 troporum
1088 1527 1298 1613 disciplinam
1319 1526 1488 1594 redunda-

366 1638 479 1700 turum
503 1656 576 1701 esse
600 1655 782 1721 speramus.

457 1831 478 1901 ¹)
496 1830 589 1885 Peon
613 1829 753 1900 (Beitrige
773 1846 822 1884 zur
834 1828 1069 1898 vergleiohenden
1082 1829 1187 1902 'Propik
1205 1830 1254 1884 der
1266 1828 1375 1894 poesie,
1395 1827 1488 1883 Berlin

367 1919 445 1984 1886,
471 1935 499 1990 p.
520 1919 594 1989 158);
622 1918 658 1973 cf.
678 1922 823 1989 praeterea
848 1935 922 1990 quae
946 1918 1058 1973 disserit
1082 1918 1117 1973 de
1148 1917 1317 1990 metaphora
1338 1918 1489 1972 Bluemner

368 2007 445 2078 (iiber
466 2007 615 2063 Gleichniii
642 2009 703 2062 und
722 2007 871 2078 Metapher
894 2006 924 2061 in
950 2007 999 2061 der
1022 2010 1075 2064 att.
1093 2007 1245 2077 Remedio,
1272 2007 1390 2078 Leipzig
1409 2006 1485 2072 1891,

366 2096 463 2167 pix).

625 4452 701 4508 'l'ypis
716 4456 838 4510 expressit
851 4455 973 4500 Rcbertus
986 4456 1075 4509 Nesus,
1089 4456 1230 4500 Bcrnensis.
