3600 5334
753 659 976 723 „57-

304 833 501 916 hendamus,
531 834 589 920 qui
612 836 681 900 v.4
704 835 929 902 nominantur.
967 836 1133 921 Deinceps
1156 835 1197 902 de
1220 835 1285 904 illis
1309 837 1423 923 tropis,

303 962 360 1028 per
383 962 466 1027 quos
489 940 694 1025 intellegItur
717 943 846 1007 navis
875 945 911 1008 et
933 942 990 1028 qui
1012 941 1103 1007 fiunt
1125 963 1184 1029 per
1205 944 1365 1030 puppis
1389 946 1424 1010 et

304 1048 471 1131 carina,
497 1046 674 1114 dicendum
697 1051 758 1114 est.
796 1048 870 1114 Hac
885 1051 1001 1115 autem
1016 1052 1112 1136 parte
1128 1050 1338 1135 potissimum
1354 1049 1422 1132 illa,

303 1175 370 1241 qua
404 1156 620 1238 Argonautae
654 1175 714 1239 per
745 1175 836 1220 mare
870 1156 961 1222 vecti
995 1158 1086 1239 sunt,
1121 1155 1316 1224 illustratur.
1370 1157 1424 1223 Sic

303 1264 442 1328 exstant
470 1260 560 1348 apud
591 1259 794 1327 Martialem:
829 1264 908 1330 leaeo
936 1264 1003 1346 fait
1032 1265 1137 1349 ignoti
1166 1265 1279 1349 pace
1309 1267 1424 1331 carina

303 1371 405 1436 mares
428 1367 488 1434 VH
506 1369 557 1449 19,
575 1368 609 1450 23
635 1370 765 1453 paenae
799 1371 951 1436 dominas
988 1371 1065 1437 lecca
1095 1371 1229 1437 cannae
1258 1369 1423 1454 Xl1‚12;

302 1478 411 1562 Arpoa
427 1529 433 1542 .
450 1529 457 1543 .
474 1529 480 1543 .
497 1477 613 1544 camna
636 1473 711 1540 XIII
728 1475 780 1560 72,
796 1476 823 1539 1.
863 1474 936 1555 Qua
959 1475 999 1541 de
1020 1495 1124 1541 causa
1139 1475 1195 1542 illo
1211 1473 1309 1542 modo
1325 1478 1423 1542 navis

303 1583 501 1662 nominetur,
525 1580 622 1648 facile
646 1584 699 1647 est
714 1566 912 1665 *intellectu;
935 1601 1016 1646 nam
1040 1583 1154 1648 carina
1177 1583 1367 1666 excogitata
1388 1586 1424 1649 et

304 1690 476 1755 exstructa
498 1708 566 1753 non
589 1687 656 1754 fuit
671 1686 806 1753 difficile
829 1686 921 1753 illam
945 1687 1122 1759 aedificare
1143 1691 1260 1755 totam.
1297 1689 1423 1776 Puppis

302 1798 417 1861 autem
439 1795 471 1861 X
486 1796 539 1878 51,
556 1796 598 1861 10
625 1815 643 1860 θ
672 1795 782 1861 medio
814 1793 958 1861 tollitur:
994 1798 1051 1879 qai
1080 1798 1166 1863 videt
1198 1796 1273 1863 tiae
1298 1819 1423 1882 puppes

300 1905 459 1987 flaminis,
490 1905 566 1970 inde
593 1905 704 1987 maris,
735 1901 831 1967 velut
859 1900 990 1968 dicatur
1015 1901 1074 1969 illa
1099 1902 1174 1989 ipsa
1202 1902 1315 1968 oculos
1338 1902 1420 1988 eiua,

301 2008 419 2094 quiin
449 2009 534 2074 mari
565 2008 680 2074 vultus
711 2007 837 2092 defigit,
866 2008 1031 2094 paulatim
1062 2009 1220 2092 effugere.
1266 2008 1423 2076 SImiliter

302 2118 430 2181 exstet:
465 2118 535 2190 scis,
566 2123 663 2199 assota
692 2119 730 2182 de
760 2116 882 2200 Libyco
912 2119 1004 2184 litore
1029 2117 1153 2202 puppis
1183 2123 1234 2184 eat
1263 2115 1309 2181 IX
1325 2117 1378 2201 35,
1392 2118 1422 2185 8.

300 2221 396 2287 Nunc
419 2226 632 2288 transeamus
657 2221 700 2287 ad
724 2242 765 2288 ea
787 2222 902 2304 verba,
927 2243 1014 2308 quae
1037 2222 1148 2288 solent
1162 2225 1282 2308 poetae
1298 2243 1421 2308 ponere

299 2349 357 2413 pro
380 2328 504 2412 domo,
529 2335 644 2397 tectam
668 2330 702 2394 et
724 2331 830 2400 limen.
876 2328 971 2409 Quod
994 2329 1206 2415 quambene
1229 2328 1372 2415 quadret
1386 2329 1421 2394 in

299 2434 458 2519 1.1115‚5
487 2435 553 2501 iam
586 2456 688 2522 supra
714 2435 951 2502 intelleximus,
1001 2435 1070 2501 Nec
1099 2435 1142 2501 ab
1169 2435 1225 2501 illo
1255 2434 1422 2521 discrepat

299 2541 373 2608 hoc:
404 2545 579 2610 abstulerat
609 2543 736 2611 macris
764 2549 844 2610 tecta
871 2543 1027 2628 saperdas
1050 2564 1128 2629 aper
1151 2540 1180 2623 (l.
1205 2544 1306 2629 spect
1330 2542 1360 2624 2,
1378 2543 1419 2626 8),

300 2668 385 2733 quae
409 2649 514 2715 verba
536 2652 692 2735 spectant
715 2649 759 2714 ad
782 2648 958 2733 Neronem,
983 2648 1050 2735 qui,
1073 2652 1113 2714 ut
1136 2647 1271 2714 domum
1293 2649 1420 2731 regiam

299 2755 360 2820 sibi
384 2754 561 2821 aedificare
584 2758 707 2841 posset,
730 2759 861 2840 partem
883 2756 976 2822 urbis
992 2756 1131 2822 exussit.
1170 2754 1244 2835 Qua
1259 2755 1299 2821 de
1316 2776 1420 2820 causa

300 2864 414 2927 autem
437 2869 518 2930 tecta
540 2863 764 2946 nominentur,
795 2884 813 2928 e
837 2863 999 2929 sermonis
1024 2865 1186 2929 contextu
1208 2861 1419 2949 perspicuum

301 2970 365 3053 est3
392 2990 472 3034 nam
494 2968 552 3036 illa
575 2969 761 3036 defendunt
784 2969 937 3036 homines
961 2990 983 3035 a
1004 2969 1117 3036 ventis
1140 2972 1418 3056 tempestateque.

297 3073 341 3141 Et
371 3075 522 3142 similiter
543 3076 697 3160 legimus:
728 3099 787 3145 aee
817 3080 928 3145 nonsit
950 3081 1039 3146 tectis
1061 3079 1149 3165 epate
1170 3075 1216 3141 IV
1232 3078 1285 3160 66,
1301 3077 1358 3143 13:
1390 3076 1419 3141 si

299 3183 387 3247 enim
417 3180 535 3249 domus
571 3183 675 3269 ardet,
712 3204 730 3250 θ
765 3183 901 3266 fastigio
938 3181 1199 3251 eius'flammae
1230 3187 1419 3269 erumpunt.

297 3289 408 3375 Atque
433 3289 536 3356 etiarn
559 3311 577 3356 e
600 3312 701 3357 versu
724 3289 770 3355 XI
786 3292 887 3374 81‚2:
915 3293 997 3359 tacet
1024 3293 1061 3359 e'c
1084 3294 1185 3359 medio
1208 3293 1290 3358 sicca
1308 3293 1419 3376 puella

298 3402 375 3477 toro,
404 3417 490 3481 quae
514 3397 598 3463 ratio
621 3398 710 3464 inter
731 3400 861 3483 partem
886 3400 921 3463 et
943 3400 1053 3463 totum
1076 3396 1219 3480 intersIt,
1243 3397 1341 3463 facile
1364 3398 1418 3463 in-

173 3550 182 3565 „
298 3501 410 3585 tellegi
433 3505 552 3588 potest.
599 3504 684 3570 Nam
708 3503 744 3568 in
767 3525 806 3570 eo
830 3505 902 3589 ipso
925 3503 1076 3569 homines
1094 3502 1269 3583 accubant,
1293 3522 1369 3568 cum
1384 3504 1419 3568 in

296 3607 381 3676 lecto
405 3608 582 3674 dormiunt.
627 3611 847 3694 Relinquitur,
872 3613 911 3674 ut
934 3608 976 3675 de
997 3610 1038 3674 iis
1061 3609 1173 3675 verbis
1197 3627 1416 3692 exponamus,

296 3733 436 3800 quorum
447 3712 728 3794 significationem
739 3716 850 3779 minus
863 3714 1118 3801 contemplando
1131 3732 1233 3799 quam
1241 3710 1417 3794 cogItando

285 3840 355 3908 per
378 3815 607 3904 synecdochae
630 3821 764 3904 tropum
787 3819 1022 3903 intellegimus
1046 3821 1081 3886 in
1105 3818 1225 3904 quibus
1242 3817 1344 3882 etiam
1359 3817 1418 3884 illa

296 3924 515 4012 perspicuitas
538 3923 681 3989 inveniri
703 3925 825 4010 potest,
850 3923 945 3991 velut
968 3946 1044 3991 cum
1068 3925 1200 3991 dicitur:
1228 3925 1324 3991 duait
1347 3977 1353 3990 .
1378 3973 1384 3989 .
1410 3977 1416 3989 .

297 4039 431 4100 aestates
458 4030 617 4116 synthesis
642 4051 713 4098 aaa
741 4030 845 4095 deceat
867 4030 914 4095 IV
929 4032 981 4115 66,
996 4033 1025 4099 4.
1072 4030 1174 4097 Cuius
1197 4050 1315 4096 versus
1340 4050 1416 4094 sen-

296 4139 418 4221 tentia,
458 4142 498 4204 ut
531 4159 589 4225 pro
620 4136 793 4204 aestatibus
823 4135 1058 4219 intellegamus
1082 4140 1223 4219 ‘annos’,
1256 4135 1416 4221 postulat.

296 4248 440 4313 Aestates
463 4250 578 4312 autem
602 4247 682 4310 sunt
705 4241 909 4322 nominatae,
942 4243 1022 4328 quia
1048 4241 1169 4309 melius
1192 4240 1359 4329 quadrant
1380 4241 1416 4306 in

297 4350 493 4437 synthesim,
522 4372 587 4438 quo
618 4350 831 4433 vestimento,
863 4369 940 4415 cum
966 4350 1041 4426 leve
1072 4351 1173 4432 esset,
1205 4345 1416 4414 calidioribus

296 4458 375 4522 anni
388 4459 592 4544 temporibus
604 4458 747 4524 Romani
761 4456 872 4522 Induti
887 4459 976 4522 sunt.
1000 4454 1066 4523 Sed
1082 4454 1146 4522 alio
1161 4456 1232 4522 loco
1249 4452 1303 4533 (III
1314 4453 1415 4536 36,7):
