3600 5334
838 630 1062 694 -32-

392 809 552 891 originem
583 808 731 874 cuiusvis
763 810 928 893 spectant,
960 806 994 871 in
1026 806 1281 874 antonomasiae
1312 810 1407 893 tropo
1435 829 1512 874 ver-

392 918 519 997 santur,
544 914 650 980 veluti
666 913 868 1000 appellatur:
892 916 1103 1001 Aesaupas
1115 951 1159 960 -
1170 915 1318 981 Latonae
1333 919 1513 982 venerande

390 1017 1511 1108 ceposlxrmHercules—Aletamxas‚7;1X34,6;1X101,11.

390 1129 460 1195 Sub
493 1126 634 1194 eandem
663 1128 828 1193 rationem
851 1131 1027 1214 praeterea
1059 1126 1157 1207 cadit,
1189 1125 1277 1212 quod
1300 1127 1428 1214 patriae
1452 1131 1513 1194 aut

392 1234 465 1317 loci,
489 1235 547 1300 ubi
571 1234 690 1321 aliquis
715 1235 832 1300 colitur
855 1237 917 1300 aut
932 1235 1095 1317 versatur,
1119 1234 1254 1300 nomine
1274 1236 1376 1320 poeta
1398 1236 1511 1302 utitur.

392 1342 447 1407 Sic
478 1342 687 1424 designatur:
717 1343 929 1427 Aesculapius
956 1380 1000 1389 -
1022 1343 1219 1427 Pergameas
1250 1344 1328 1408 decos
1350 1341 1396 1406 IX
1410 1343 1461 1423 16,
1475 1342 1511 1424 23

390 1451 576 1516 Mercurios
587 1487 629 1495 -—
643 1448 745 1515 Arcas
754 1447 800 1512 lX
807 1448 861 1531 34,
871 1450 905 1532 63
919 1450 1121 1532 Ganymedes
1132 1487 1177 1495 -
1186 1449 1353 1534 Phrygias
1364 1450 1512 1516 minister

390 1555 451 1621 ΧΠ
466 1557 515 1639 15,
531 1558 559 1621 7.

908 1646 927 1728 a
945 1645 996 1708 12.

479 1750 546 1817 Sed
576 1750 633 1817 illa
664 1751 776 1817 omnia
806 1772 873 1817 non
897 1750 1089 1817 referuntur
1119 1750 1163 1816 ad
1194 1771 1271 1816 eum
1293 1753 1435 1838 tropum,
1470 1750 1510 1816 de

390 1879 455 1944 quo
479 1857 563 1924 haec
586 1859 739 1943 quaestio
772 1861 832 1923 est.
880 1856 932 1922 Ad
955 1878 1056 1944 quam
1089 1860 1203 1923 autem
1236 1857 1426 1944 opinionem
1456 1856 1510 1923 ille

389 1963 584 2047 adducatur,
619 1966 675 2050 qui
706 1964 795 2030 idern
826 1965 968 2029 senserit
1002 1985 1042 2030 ac
1072 1962 1295 2048 Lindskog
1329 1964 1370 2030 de
1405 1963 1511 2030 altera

389 2070 498 2135 forma
510 2070 557 2135 'ab
574 2091 613 2136 eo
633 2071 827 2154 constituta,
853 2072 937 2137 satis
953 2068 1237 2137 demonstravisse
1252 2070 1412 2137 videmur.
1450 2069 1510 2137 Ille

350 2229 354 2237 .
391 2177 480 2242 enim
496 2177 596 2243 variis
621 2177 784 2243 erroribus
800 2177 990 2264 implicatus
1014 2179 1076 2262 est,
1101 2178 1191 2262 quod
1207 2198 1275 2243 non
1298 2178 1411 2242 stricte
1436 2197 1510 2242 earn

391 2282 552 2349 definivit.
598 2283 658 2350 cui
691 2285 741 2350 ita
770 2304 838 2349 non
862 2284 1074 2366 assentimur,
1106 2287 1145 2350 ut
1175 2284 1389 2368 retineamus,
1422 2282 1510 2368 quod

389 2391 597 2473 grammatici
629 2391 758 2477 antiqui
788 2393 1049 2477 proposuerunt:
1084 2411 1221 2473 genus
1251 2411 1324 2477 pro
1356 2391 1509 2477 specie.

390 2497 497 2577 Quam
512 2501 642 2585 partem
666 2499 856 2585 ubicunque
881 2497 1091 2580 collocamus
1117 2519 1192 2563 cum
1212 2498 1383 2564 notionem
1399 2518 1509 2563 rerum

390 2604 443 2670 vel
466 2603 670 2688 animalium,
696 2626 781 2691 quae
806 2605 961 2671 universe
977 2604 1032 2671 vel
1051 2603 1221 2670 indefinite
1245 2604 1416 2670 exstantia
1433 2603 1508 2670 vin-

389 2711 463 2777 culo
487 2710 633 2797 quodam
656 2712 813 2798 copulata
843 2713 933 2796 sunt,
968 2733 1010 2779 ex
1031 2710 1089 2776 illa
1112 2711 1353 2777 communitate
1376 2710 1507 2776 intelle-

387 2818 512 2902 gimus:
537 2819 661 2906 quade
685 2840 789 2885 causa
808 2819 886 2884 huic
909 2817 1169 2905 synecdochicae
1185 2817 1312 2884 formae
1336 2816 1508 2900 subiungi-

388 2947 463 2991 mus
487 2947 574 3012 quae
606 2947 708 3013 supra
738 2926 1070 2991 commemoravimus
1093 2926 1205 3011 posita
1234 2926 1269 2990 in
1291 2923 1420 3011 plurali,
1453 2924 1509 3010 qui

389 3031 509 3096 dicitur
531 3031 705 3116 generalis,
738 3034 878 3102 membro
900 3053 958 3118 pro
983 3055 1093 3116 muca,
1126 3036 1249 3100 casales
1271 3034 1305 3097 et
1327 3035 1420 3099 daces
1450 3051 1508 3117 pro

388 3138 507 3203 Aeaeo.

480 3243 591 3328 Atque
620 3265 695 3309 eam
719 3244 872 3330 speciem,
905 3266 991 3331 quae
1015 3244 1094 3310 huic
1125 3245 1291 3311 contraria
1314 3246 1376 3327 est,
1408 3266 1510 3331 supra

387 3349 507 3414 leviter
530 3350 711 3433 attigimus.
746 3351 799 3416 Ad
822 3372 924 3438 quam
948 3352 1094 3438 pertinet
1117 3353 1180 3417 hoc
1195 3351 1373 3417 Martialis:
1396 3353 1509 3420 lacebit

386 3456 490 3523 Latio
514 3460 597 3525 cotto
620 3459 723 3524 omnis
749 3458 891 3542 fenestra
919 3460 1036 3526 aava?
1066 3458 1140 3542 X6,
1154 3461 1191 3543 4;
1223 3480 1287 3544 quo
1319 3458 1400 3542 loco,
1433 3479 1508 3524 cum

388 3586 494 3632 carae
516 3564 665 3630 cuiusvis
681 3565 805 3631 aetatis
821 3565 977 3631 mulieres
998 3564 1196 3649 significent,
1222 3566 1375 3650 species
1400 3568 1508 3631 certa

386 3674 500 3737 exstat
538 3692 596 3756 pro
634 3692 775 3754 genere
810 3672 1008 3737 universo.
1070 3672 1180 3757 Atque
1215 3671 1317 3737 etiam
1352 3692 1438 3757 quae
1473 3671 1508 3736 in

388 3776 507 3862 plurali
531 3779 587 3864 qui
611 3779 730 3845 dicitur
745 3778 910 3861 generalis
935 3778 1095 3844 collocata
1118 3779 1318 3860 invenimus
1342 3779 1408 3844 huc
1431 3799 1506 3864 per-

385 3885 504 3959 tinent,
531 3885 588 3950 ubi
603 3906 661 3971 pro
684 3887 734 3969 iis,
758 3885 814 3970 qui
831 3883 949 3950 eadem
965 3885 1068 3950 animi
1087 3885 1278 3971 ingeniique
1294 3884 1404 3951 indole
1420 3885 1508 3951 inter

386 3994 517 4057 ceteros
541 3991 718 4074 excellunt,
743 3990 865 4074 singuli
889 3991 1087 4059 afferuntur.
1134 3991 1226 4072 Quae
1258 4012 1332 4058 cum
1355 3991 1405 4057 ita
1429 3992 1505 4074 sint,

386 4098 420 4161 in
445 4099 605 4182 quattuor
620 4100 733 4183 partes
750 4098 928 4165 dividimus
952 4098 1205 4186 synecdocham.
1242 4100 1350 4179 Quam
1373 4105 1507 4164 exstare

385 4203 595 4286 arbitramur,
619 4205 685 4270 ubi
708 4226 799 4290 pars
822 4227 889 4293 pro
913 4209 998 4271 toto
1024 4204 1257 4286 collocatur,
1290 4203 1417 4287 deinde,
1440 4205 1508 4270 ubi

386 4312 515 4376 totum
538 4331 604 4396 pro
627 4317 740 4398 parte
763 4313 953 4398 scriptum
969 4312 1163 4397 videmus,
1188 4314 1261 4377 tum
1281 4312 1348 4377 ubi
1372 4314 1508 4377 exstat

384 4438 510 4499 genus
534 4436 600 4500 pro
625 4420 770 4505 specie,
803 4419 946 4504 denique
970 4439 1054 4484 cum
1076 4419 1282 4486 invenitur
1306 4418 1508 4484 contraria

383 4522 531 4589 forma.
