3600 5334
759 632 981 696 ..69-

311 810 456 876 omnium
479 810 663 896 poetarum,
686 808 744 896 qui
766 809 912 892 Augusti
936 807 1140 895 temporibus
1162 807 1309 893 luerunt,
1334 829 1431 875 suam

309 915 404 999 lecit,
441 914 500 982 sed
535 917 638 982 etiam
672 936 764 983 nova
796 914 886 981 illius
917 914 1004 1001 tropi
1034 916 1189 1002 exempla
1218 915 1431 998 excogitavit.

310 1023 437 1104 Quibus
468 1022 509 1089 de
532 1021 632 1090 rebus
654 1022 756 1088 liceat
778 1021 878 1109 paulo
903 1022 1039 1088 uberius
1063 1042 1103 1087 ac
1126 1022 1291 1109 copiosius
1315 1021 1430 1088 dicere.

310 1129 383 1211 Qua
404 1130 440 1195 in
463 1128 691 1216 disputatione
714 1150 791 1195 eam
813 1128 979 1195 rationem
1002 1150 1197 1216 sequemur,
1229 1132 1269 1195 ut
1289 1128 1430 1216 primum

308 1257 350 1303 ea
380 1236 484 1303 verba
513 1234 716 1321 afferamus,
748 1256 835 1323 quae
858 1256 917 1323 per
939 1234 1185 1323 synecdochem
1207 1234 1432 1320 intellegenda

307 1343 397 1430 apud
414 1342 595 1426 Vergilium
618 1341 707 1410 idem
722 1342 839 1410 valent
855 1347 959 1430 atque
975 1342 1064 1430 apud
1079 1342 1276 1428 Martialem,
1301 1341 1429 1425 deinde,

308 1453 347 1517 ut
377 1472 419 1517 sa
449 1451 561 1517 omnia
592 1470 810 1533 congeramus
840 1453 876 1516 et
906 1450 969 1516 sub
1000 1471 1068 1516 uno
1092 1454 1231 1537 aspectu
1254 1471 1430 1537 ponamus,

308 1577 447 1643 quorum
478 1555 680 1641 significatio
711 1553 801 1643 apud
830 1555 922 1622 hunc
952 1554 1007 1621 vel
1038 1557 1110 1622 eius
1141 1555 1300 1641 aequales
1327 1556 1430 1623 latius

307 1666 425 1750 pateat
448 1685 548 1749 quam
572 1662 662 1750 apud
684 1662 788 1729 illum.

397 1769 578 1854 Vergilium
590 1773 706 1838 autem
718 1789 761 1836 ex
771 1767 927 1835 omnibus
938 1768 1083 1851 Augusti
1095 1769 1220 1835 aetatis
1231 1767 1429 1854 aequalibus

307 1899 369 1944 nos
409 1877 549 1961 elegisse
587 1878 707 1943 mirum
746 1896 814 1943 nou
854 1876 916 1959 sit,
955 1895 1031 1941 oum
1065 1875 1158 1941 illum
1193 1875 1429 1962 posterioribus

306 1984 512 2071 temporibus
535 1984 591 2050 diu
615 1983 704 2071 apud
728 1985 877 2051 rhetores
900 2002 1082 2070 permagna
1104 1983 1306 2050 auctoritate
1329 2003 1430 2048 usum

307 2112 381 2157 esse
410 2094 445 2158 et
467 2090 503 2156 in
526 2111 640 2157 eorum
664 2090 786 2157 scholis
808 2089 1012 2177 permultum
1035 2090 1184 2157 valuisse
1207 2110 1324 2156 omnes
1347 2110 1428 2157 con-

307 2196 436 2265 cedant
476 2196 531 2264 Sic
547 2197 705 2264 Claudius
722 2198 888 2264 Donatus:
912 2199 942 2264 si
957 2197 1115 2279 Malae,
1139 2196 1258 2283 inquit,
1282 2199 1428 2265 carmina

307 2311 513 2390 cmopetenter
554 2306 730 2372 adeodato
767 2311 797 2371 et
836 2327 947 2372 eorum
979 2311 1114 2372 meatem
1149 2305 1428 2388 comprehendens,

307 2414 450 2479 turrentes
474 2413 511 2479 io
534 2418 630 2497 porea
654 2411 810 2479 rhetorem
829 2432 999 2479 summum.
1034 2410 1147 2496 Atque
1164 2408 1294 2474 Annius
1311 2409 1427 2475 Florus

307 2516 438 2602 dialogo
470 2517 655 2601 notissimo,
687 2521 801 2584 utrum
823 2516 878 2583 hio
908 2516 1016 2600 magis
1040 2518 1151 2583 orator
1174 2535 1218 2580 an
1241 2517 1343 2601 poeta
1365 2515 1426 2581 ha·

309 2622 436 2690 bandus
457 2628 558 2707 esset,
584 2625 816 2711 quaestionem
836 2624 1017 2711 proposuit.
1057 2622 1129 2704 Quo
1152 2622 1279 2689 factum
1302 2623 1364 2706 est,
1389 2625 1430 2688 ut

307 2732 379 2797 eius
401 2731 494 2797 libris
517 2729 583 2813 illi,
615 2731 673 2817 qui
694 2732 852 2818 poemata
883 2728 1111 2812 condiderunt,
1143 2732 1307 2815 apparatu
1331 2729 1428 2814 quasi

308 2840 435 2923 poetico
458 2841 634 2905 uterentur
656 2840 692 2904 et
715 2841 753 2903 ut
777 2836 1003 2918 Quintilianus
1030 2835 1194 2924 permulta
1217 2835 1426 2901 schematum

308 2947 342 3010 et
364 2948 533 3032 troporum
558 2944 713 3031 exempla
736 2966 778 3012 ex
800 2944 889 3011 illius
914 2943 1115 3011 carminibus
1139 2944 1360 3030 excerperem)

829 3196 901 3279 54.

395 3321 506 3406 Atque
541 3322 580 3385 ut
613 3318 691 3385 inde
725 3318 809 3385 haec
841 3316 1026 3406 disputatio
1058 3318 1303 3404 proficiscatur,
1337 3316 1426 3384 unde

306 3445 416 3510 supra,
441 3426 751 3492 commemorandae
774 3429 856 3493 sunt
879 3447 940 3493 cae
963 3447 1026 3509 res,
1051 3447 1138 3511 quae
1159 3426 1304 3513 spatium
1323 3425 1425 3507 signi-

304 3529 419 3597 ficant.
466 3531 649 3598 Occurrunt
679 3535 794 3599 autem
816 3533 914 3599 nobis
932 3538 1027 3619 polus
1050 3536 1085 3599 st
1107 3535 1228 3615 abac,
1260 3530 1382 3616 quibus
1404 3551 1426 3595 a

304 3636 448 3719 Vergilio
473 3636 591 3703 cadem
614 3639 667 3703 vis
690 3642 793 3724 atque
817 3638 1006 3705 aMartiale
1030 3637 1183 3704 subiecta
1206 3638 1296 3719 est²l3
1320 3636 1425 3717 signi·

305 3741 411 3805 licant
435 3742 523 3806 enim
547 3763 589 3807 ea
612 3743 742 3809 caelum
765 3745 833 3811 A.I
856 3745 935 3827 608,
958 3747 1011 3812 111
1027 3742 1107 3828 589,
1132 3741 1162 3807 V
1187 3742 1265 3823 721,
1290 3744 1325 3807 H
1348 3741 1424 3823 251,

304 3849 378 3913 tum
394 3846 503 3913 sidera
519 3848 556 3914 A.
573 3848 587 3912 Ι
603 3848 656 3930 93,
681 3849 813 3916 [11243.
848 3852 897 3917 Ac
913 3848 1098 3917 Martialem
1110 3847 1246 3931 Vergilii
1260 3847 1425 3912 rationem

395 4099 413 4167 ¹)
433 4095 488 4152 cn.
501 4096 605 4152 Kroll
623 4095 740 4166 lUnsere
753 4096 918 4167 Scbatzung
931 4097 979 4151 der
997 4097 1156 4151 rimischen
1169 4096 1327 4164 Dichtung;
1346 4093 1425 4149 Neue

305 4184 404 4242 Jahrb.
422 4185 469 4240 tiu
487 4185 537 4242 das
557 4186 642 4243 lrlass.
660 4185 760 4242 Altert.
779 4201 849 4241 usw.
867 4184 912 4251 lv,
934 4185 1004 4241 1903
1021 4202 1067 4257 pg.
1080 4185 1116 4239 22
1128 4185 1206 4257 sqql.

394 4274 413 4344 ἢ
432 4274 464 4328 In
494 4274 691 4330 enumerandis
720 4273 835 4344 Vergilii
864 4275 993 4330 versibus
1022 4274 1114 4330 secuti
1146 4290 1242 4329 sumus
1272 4272 1425 4327 editionem

303 4360 334 4416 in
360 4379 442 4418 usum
466 4364 627 4419 scholarum
645 4381 664 4419 a
687 4363 845 4419 Ribbeckio
874 4367 1003 4419 curatam
1022 4363 1142 4435 (Lipsiae
1161 4363 1251 4433 1904l;
1279 4378 1332 4417 nec
1355 4377 1424 4417 vero

304 4452 406 4517 omnia,
426 4453 476 4508 aad
494 4455 625 4525 graviora
643 4453 771 4525 exempla
789 4453 986 4523 excerpsimus.
