3600 5334
734 663 957 728 ,29-

285 839 463 922 1V70‚2.1>
518 838 638 920 Qualia
668 859 736 905 non
759 859 818 926 per
839 841 1078 926 memmium,
1103 840 1162 906 sed
1185 860 1245 926 per
1266 847 1408 927 metony-

282 948 384 1013 miam
417 947 507 1011 dicta
537 965 611 1011 esse
641 945 874 1031 intellegimus,
908 947 988 1032 quia
1016 967 1075 1033 pro
1105 966 1140 1013 re
1170 946 1246 1033 ipsa
1273 947 1409 1033 ponitur

284 1053 424 1136 qualitas
453 1052 509 1118 vel
536 1055 725 1137 proprietas,
755 1073 842 1139 quae
865 1072 934 1119 non
958 1054 988 1118 ei
1010 1052 1114 1119 insita
1137 1055 1172 1119 et
1193 1052 1323 1136 innata,
1347 1051 1408 1119 sed

284 1157 423 1224 fortuito
456 1162 491 1225 et
520 1162 644 1225 temere
675 1160 772 1245 quasi
803 1159 936 1226 adiecta
966 1162 1001 1225 et
1032 1157 1148 1226 addita
1178 1162 1238 1225 est
1289 1159 1407 1246 Itaque

284 1263 516 1349 Lindskogii
541 1264 785 1353 synecdochem
807 1265 911 1331 latius
934 1269 1049 1353 patere
1072 1266 1277 1333 censendum
1300 1269 1361 1332 est

799 1445 817 1529 e
843 1445 893 1509 ro.

373 1565 504 1650 Restat,
529 1572 568 1633 ut
590 1567 679 1633 illius
696 1568 782 1653 tropi
798 1565 1030 1633 definitionem
1052 1569 1242 1634 accuratius
1265 1568 1406 1634 circum-

286 1672 479 1740 scribamus
517 1672 707 1740 Redeamus
731 1671 775 1738 ad
792 1671 827 1738 id
850 1671 1050 1759 exemplum,
1074 1693 1175 1759 equo
1191 1672 1276 1740 haec
1291 1671 1406 1760 dispu-

284 1781 370 1847 tatio
393 1778 544 1867 proiecta
567 1781 629 1863 est,
653 1778 711 1845 ubi
734 1782 859 1866 lippum
880 1777 971 1845 idem
993 1778 1163 1861 significat
1186 1781 1288 1865 atque
1312 1781 1408 1847 arbor

286 1885 342 1952 vel
365 1892 509 1968 truncos,
534 1906 677 1972 quocum
699 1884 853 1952 conferas
876 1906 1002 1971 quaeso
1026 1885 1123 1969 Verg.
1145 1888 1228 1952 Aen.
1251 1884 1312 1951 XII
1325 1887 1406 1971 7673

295 1990 374 2057 abbi
397 1993 522 2078 lippum
544 1992 685 2059 denotat
706 1993 819 2062 hostile
842 1992 1087 2078 (ibile413),
1112 1995 1174 2059 aut
1196 2016 1296 2078 equus
1319 1991 1405 2074 (ibid

284 2097 368 2164 liv,
385 2098 438 2181 45)
470 2102 531 2166 aut
555 2100 665 2168 tabula
688 2100 766 2182 (luv.
790 2099 941 2184 XVldl).
981 2100 1109 2181 Quibus
1140 2100 1294 2167 omnibus
1325 2099 1406 2167 locis

285 2225 362 2269 oum
385 2226 472 2290 quae
496 2205 687 2273 afferuntur
701 2206 811 2290 lignea
835 2208 912 2291 sint,
938 2209 1077 2295 apparet
1092 2206 1174 2291 ligni
1192 2208 1329 2274 notione
1352 2228 1406 2273 res

288 2311 438 2378 eiusdem
453 2314 584 2396 generis
608 2314 850 2400 comprehendi,
874 2335 961 2401 quae
977 2313 1129 2381 diversas
1152 2315 1279 2400 species
1303 2313 1406 2396 signi·

284 2416 400 2502 licant,
424 2420 443 2484 i.
460 2440 487 2486 e.
511 2441 617 2503 genus
639 2442 698 2507 pro
722 2422 831 2508 specie
854 2422 996 2508 ponitur.
1039 2420 1132 2501 Quae
1154 2439 1231 2486 oum
1253 2419 1304 2485 ita
1327 2419 1404 2503 sint,

284 2523 472 2609 improbata
485 2525 563 2594 Lin
572 2527 592 2593 d
601 2526 649 2593 sk
658 2529 726 2612 ogi
741 2527 913 2595 sententia
928 2547 1003 2593 eam
1019 2524 1249 2592 definitionem
1260 2524 1404 2591 retinea-

285 2652 369 2713 mus,
394 2653 496 2718 quam
517 2635 586 2700 iam
610 2635 740 2720 antiqui
763 2634 1018 2701 constituerunt.

803 2813 822 2895 p
841 2812 890 2877 11.

372 2936 484 3019 Atque
518 2933 586 2999 iam
625 2931 668 2998 ad
706 2933 807 2999 aliam
841 2933 942 2998 huius
980 2930 1240 3019 synecdochicae
1277 2931 1405 2998 formae

284 3040 430 3127 speciem
457 3041 678 3107 transeamus
725 3040 769 3105 Ut
801 3040 890 3104 enim
917 3038 1157 3124 Lindskog‚
1189 3039 1248 3106 ubi
1278 3060 1330 3105 res
1363 3061 1405 3105 ex

285 3167 348 3212 sua
363 3145 472 3211 forma
486 3145 542 3212 vol
556 3146 758 3233 proprietate
772 3144 986 3230 intellegitur,
1011 3147 1255 3234 synecdochem
1272 3151 1404 3214 exstare

287 3256 410 3338 censet,
435 3252 485 3319 ita
507 3274 582 3319 eam
605 3254 684 3339 poni
705 3255 814 3339 putat,
838 3252 897 3318 ubi
917 3274 975 3339 pro
1000 3253 1137 3320 animali
1159 3254 1231 3340 ipso
1256 3255 1328 3321 eius
1352 3257 1405 3320 est

286 3360 432 3445 qualitas
455 3359 510 3426 vel
532 3359 725 3446 proprietas.
770 3359 805 3426 ld
831 3362 947 3426 autem
970 3359 1061 3426 effici
1084 3362 1222 3447 cogique
1245 3382 1353 3448 posse,
1377 3362 1405 3425 si

287 3466 587 3553 deliberaverimus,
623 3488 691 3554 qua
720 3469 848 3534 ratione
879 3465 937 3533 illa
969 3466 1093 3533 locutio
1126 3468 1301 3552 exstiterit,
1337 3488 1405 3554 qua

285 3575 415 3658 poetae,
447 3574 505 3639 ubi
535 3574 676 3641 verbum
698 3577 853 3660 premant
884 3595 925 3640 ac
952 3595 1027 3639 cum
1050 3574 1086 3640 vi
1109 3572 1231 3658 dicant,
1263 3575 1405 3640 homiues

286 3680 461 3746 nominent
482 3685 637 3750 mortales.
673 3682 802 3747 Animis
826 3682 916 3746 enim
939 3701 996 3747 eos
1019 3701 1088 3746 non
1103 3679 1229 3763 lingere
1251 3678 1404 3761 hominos

285 3786 402 3852 ceteris
418 3786 619 3853 animalibus
635 3788 815 3874 oppositos,
841 3786 900 3854 sed
915 3788 1045 3854 illorum
1060 3786 1277 3869 fragilitatem
1297 3786 1403 3850 omni-

287 3894 457 3975 potentiae
481 3894 626 3960 deorum.
672 3893 759 3960 'l'um
781 3895 915 3981 quidem
937 3894 1011 3960 fieri
1040 3914 1148 3980 posse,
1180 3901 1220 3958 ut
1249 3891 1308 3957 illa
1336 3913 1404 3958 vox

286 4000 321 4062 et
361 3998 486 4065 similes
523 3999 626 4066 latius
660 4003 803 4087 pateant
840 4003 943 4086 atque
982 4002 1118 4065 exstent
1155 3998 1310 4065 universe
1344 4019 1403 4084 pro

285 4104 476 4188 bominibus,
508 4105 567 4171 ubi
589 4127 658 4171 non
680 4105 713 4171 id
737 4108 866 4189 agatur,
898 4108 939 4172 ut
961 4127 1068 4190 genus
1091 4107 1278 4172 humanum
1301 4127 1403 4206 oppo-

373 4283 394 4353 1)
413 4282 483 4337 Aliis
506 4282 576 4338 locis
599 4283 695 4339 obertu
712 4286 742 4338 et
757 4282 863 4354 papiae
881 4282 955 4337 idem
973 4282 1123 4338 valentes
1142 4284 1216 4349 liber,
1237 4299 1320 4354 quae,
1339 4300 1404 4339 cum
1495 4308 1498 4313 ·

285 4385 350 4438 pars
373 4373 497 4440 ponatur
519 4387 569 4441 pro
594 4373 666 4438 toto,
692 4370 900 4442 synecdochice
924 4371 1115 4440 intellegenda
1133 4373 1213 4440 sunt;
1233 4372 1270 4428 oi.
1283 4372 1365 4427 Mart.
1378 4372 1404 4426 V

285 4456 310 4522 6,
318 4459 346 4525 73
365 4458 391 4512 X
404 4459 445 4525 19,
456 4460 563 4515 17-ΙΧ
574 4460 618 4526 77,
625 4459 651 4514 2.
