3600 5334
12 3936 27 4731 l

12 4962 14 5039 l

735 646 958 711 ,65-

287 844 393 909 usque
412 826 622 907 Democritoc,
646 825 806 909 Zenonas,
828 823 1090 909 inexplicitosque
1112 825 1270 892 Platonos
1291 826 1407 908 Marad,

287 931 306 995 i.
330 951 356 997 e.
388 951 504 997 omnes
527 930 658 997 Stoicos
689 933 725 996 et
747 930 974 1013 Academicos,
999 950 1140 1016 quorum
1162 930 1324 1014 imagines
1355 932 1406 998 vi-

287 1037 410 1103 dentur
430 1038 580 1104 hirsutae
597 1039 631 1103 et
645 1036 802 1121 incultae,
818 1058 895 1103 cum
911 1038 982 1123 ipse
997 1037 1104 1103 barba
1119 1037 1280 1123 promissa
1295 1037 1407 1121 gravis

286 1144 339 1209 sit.
385 1142 428 1209 at
452 1146 491 1210 ut
513 1142 579 1211 illic
602 1141 746 1229 exempli
761 1164 866 1210 causa
884 1143 1071 1231 philosophi
1087 1142 1261 1210 cuiusdam
1276 1145 1407 1228 generis

288 1250 514 1335 nominantur,
545 1251 596 1317 ita
618 1250 672 1316 hic
695 1248 902 1317 collocantur
924 1249 1089 1317 simihter:
1112 1254 1179 1318 siat
1192 1253 1406 1334 Maecenates,

286 1380 352 1426 noo
375 1359 518 1443 decmot
541 1356 663 1442 Flacco,
686 1358 842 1426 Marones
856 1356 932 1422 VIII
947 1358 1000 1440 56,
1013 1359 1048 1441 5;
1071 1360 1219 1426 Nasones
1241 1359 1407 1445 Verpdior·

286 1486 346 1548 quc
374 1466 462 1531 victae
484 1463 666 1550 11138,10;
698 1466 777 1548 qaid
812 1466 927 1532 Varios
956 1465 1145 1547 Marsosque
1173 1466 1317 1547 loquar.
1341 1519 1348 1532 .
1372 1467 1407 1532 ..2

288 1569 362 1635 VIII
373 1571 426 1656 56,
436 1572 492 1656 213
517 1573 619 1657 atque
635 1571 737 1638 etiam
752 1571 815 1637 hoe
830 1590 900 1636 non
917 1568 1097 1657 discrepat:
1120 1572 1266 1638 Phineas
1280 1573 1405 1653 incites,

287 1677 376 1761 Afer,
400 1685 431 1744 et
454 1678 632 1764 Oedipodas
654 1676 700 1743 IX
716 1677 834 1760 25,10.

764 1962 853 2065 cap.
876 1963 931 2044 ΙΧ.

810 2123 882 2206 51.

375 2244 549 2312 Hactenus
584 2244 624 2311 de
659 2245 821 2312 Martialis
861 2248 1140 2334 epigrammatum
1179 2247 1405 2335 synecdoche:

287 2353 416 2439 copiam
432 2352 514 2435 eius,
532 2373 632 2438 quam
649 2354 829 2439 potuimus,
847 2374 965 2419 sumus
981 2354 1155 2440 persecuti.
1193 2352 1300 2436 Nunc,
1324 2375 1405 2420 num

286 2459 390 2524 etiam
419 2459 455 2525 in
485 2459 549 2525 hoc
576 2461 671 2546 tropo
700 2458 880 2526 excolendo
910 2459 1053 2526 multum
1077 2480 1197 2546 operae
1220 2481 1260 2526 ac
1282 2459 1405 2526 laboris

286 2565 530 2652 consumpserit
544 2567 655 2651 poeta,
672 2568 860 2652 quaeratur.
896 2565 1003 2646 Quam
1020 2565 1251 2652 quaestionem
1267 2567 1406 2653 proponi

286 2692 353 2737 non
376 2673 541 2753 miremur,
566 2674 595 2737 si
611 2673 794 2755 cogitemus
809 2671 1007 2756 Martialem,
1029 2674 1118 2759 quod
1133 2673 1266 2760 quidem
1283 2674 1407 2739 attinet

284 2776 329 2844 ad
360 2779 608 2865 metonymiam,
640 2779 943 2861 ingeniosissimum
975 2778 1081 2846 fuisse
1109 2782 1211 2865 atque
1236 2800 1311 2846 eam
1334 2782 1405 2845 tam

285 2885 386 2952 libere
402 2886 627 2972 usurpavisse,
653 2889 692 2951 ut
706 2907 805 2952 nemo
822 2906 946 2969 eorum,
970 2887 1028 2972 qui
1043 2889 1306 2970 antecesserunt,
1328 2906 1405 2952 eum

285 2993 486 3079 adaequetll
532 2990 633 3058 Cuius
661 2994 748 3079 tropi
771 2991 982 3060 audaciorem
1006 3014 1104 3060 usum
1128 2996 1168 3060 ut
1190 2991 1404 3079 illustremuS,

285 3098 385 3165 liceat
415 3099 513 3166 nobis
536 3120 646 3186 pauca
669 3099 799 3166 afferro.
846 3100 900 3166 Sic
924 3098 1013 3186 apud
1036 3099 1223 3167 Martialem
1246 3100 1406 3188 seriptum

285 3205 450 3272 videmus:
471 3229 529 3274 aec
549 3208 607 3275 ror
621 3209 797 3275 mitrarum
812 3231 869 3275 nce
883 3209 926 3275 eit
942 3209 999 3275 tibi
1014 3209 1112 3275 barbo
1127 3230 1255 3278 reorum
1270 3207 1363 3292 1136,
1373 3208 1404 3292 3,

284 3333 351 3397 quo
374 3334 475 3379 versu
496 3314 530 3396 ii,
555 3314 611 3402 qui
634 3316 751 3381 mitras
774 3314 895 3399 ierunt,
920 3316 1143 3402 metonymice
1164 3315 1405 3399 sIgnIiicantur.

286 3418 465 3486 Praeterea
503 3420 656 3488 conferas
692 3443 816 3508 quaero
847 3423 1108 3508 Iocorum-coxa
1134 3421 1178 3486 III
1198 3423 1250 3506 82,
1261 3423 1314 3506 22,
1346 3423 1405 3489 ubi

285 3524 342 3591 illa
366 3526 526 3592 audacter
548 3530 660 3613 posita
683 3531 764 3594 sunt
786 3550 844 3614 pro
869 3529 987 3611 vino,
1013 3526 1100 3613 quod
1123 3526 1169 3592 ibi
1186 3529 1310 3593 crescit
1356 3529 1405 3593 Ac

284 3631 435 3698 simih‘ter
458 3635 597 3697 exstant
619 3637 744 3701 concc'm
758 3637 855 3718 polae
870 3633 947 3699 XIV
966 3635 1030 3699 160
1052 3654 1110 3719 pro
1130 3632 1238 3698 iuncis
1255 3634 1403 3715 concisis,

284 3739 453 3804 Massiliae
467 3737 575 3818 fumos
590 3736 667 3803 XIV
686 3738 749 3803 118
772 3758 830 3823 pro
853 3739 946 3805 vino
970 3737 1218 3805 Massiliensi
1241 3736 1404 3806 fumoso.

282 3840 406 3924 Qualia
434 3858 614 3926 possumus
643 3843 810 3925 permulta
841 3844 1005 3930 persequi,
1038 3843 1097 3910 sed
1130 3864 1170 3909 ea
1200 3843 1283 3929 ipsa,
1317 3865 1403 3929 quae

285 3947 471 4030 attulimuS,
507 3965 549 4011 ne
583 3946 715 4028 longius
749 3946 956 4029 aberremuS,
992 3951 1075 4015 satis
1110 3970 1184 4015 esse
1219 3970 1404 4017 censemus.

283 4054 392 4134 Quam
424 4055 467 4121 ob
497 4073 567 4119 rem
599 4052 823 4137 cogItantibus
854 4052 1018 4120 Martialis
1049 4057 1274 4142 metonymiae
1297 4058 1403 4139 magis

375 4286 394 4355 ¹)
412 4287 450 4353 Id,
474 4286 551 4358 quod
570 4286 638 4341 dicit
657 4285 688 4340 0.
706 4284 836 4341 WeIso
860 4282 1093 4353 (charakteriscik
1117 4285 1165 4339 der
1189 4286 1237 4339 lat.
1258 4286 1404 4356 Spraohe⁸

286 4372 401 4445 helszg
420 4375 489 4430 1905
515 4391 560 4446 pg.
573 4374 618 4439 89}
646 4377 746 4446 poetas
774 4373 898 4437 Latmos,
927 4373 977 4427 ubi
1004 4373 1060 4428 hoc
1086 4376 1169 4443 tropo
1193 4377 1320 4440 utuntur,
1346 4389 1404 4428 non

282 4463 420 4519 excellere
439 4480 544 4535 magna
561 4463 665 4534 ingenii
684 4464 720 4530 vi,
740 4463 776 4516 ad
794 4463 870 4516 huno
889 4463 965 4516 certe
983 4462 1098 4534 pettam
1116 4461 1215 4516 referri
1227 4477 1284 4517 non
1297 4463 1404 4533 potest.

1190 4549 1224 4604 5*
