3600 5334
742 618 943 682 ..9-

280 796 389 864 locum
420 796 570 863 obtinere
602 794 690 861 docti
720 798 877 876 censent,
909 794 943 859 id
975 793 1063 880 quod
1094 794 1197 860 etiam
1229 795 1405 862 enomine

280 902 359 968 huie
382 906 476 990 tropo
501 901 581 968 dato
605 900 713 985 colligi
736 904 857 988 potest.

808 1080 879 1164 52.

369 1203 519 1270 Alteram
543 1206 657 1269 autem
679 1201 821 1269 formam
843 1201 891 1268 illi
915 1203 1055 1288 antiqui,
1080 1223 1164 1289 quos
1187 1224 1290 1290 supra
1312 1223 1404 1269 com·

281 1310 550 1393 memoravimus,
567 1309 625 1375 ubi
640 1331 699 1397 pro
716 1331 783 1376 uno
798 1309 911 1397 plures
926 1312 1096 1396 ponantur
1111 1312 1172 1376 aut
1183 1331 1241 1396 pro
1253 1309 1405 1396 pluribus

280 1438 394 1502 unum,
431 1419 564 1482 exstare
595 1418 748 1503 putant
784 1418 895 1502 Atque
928 1416 1245 1500 QuintilianuS,
1283 1420 1322 1483 ut
1352 1438 1404 1500 ea,

281 1524 402 1612 quibus
419 1522 579 1609 deceptus
597 1525 657 1606 est,
683 1524 888 1605 omittamus
914 1522 1008 1588 addit
1022 1522 1158 1588 tertiam
1174 1523 1404 1610 synecdochae

282 1631 439 1717 speciem,
471 1630 530 1696 ubi
552 1628 768 1713 intellegatur
791 1649 809 1694 e
833 1629 943 1714 specie
967 1649 1072 1711 genus
1096 1629 1151 1694 vel
1174 1633 1298 1694 contra.
1352 1633 1405 1695 Ab

281 1737 334 1802 his
373 1739 507 1818 autern,
550 1736 594 1801 ad
628 1755 768 1821 quorum
803 1735 1009 1801 sententiam
1044 1735 1146 1801 etiam
1181 1733 1270 1801 docti
1304 1736 1405 1801 huius

282 1844 406 1909 aetatis
430 1843 661 1925 accesserunt,
696 1840 921 1925 Lindskog
943 1841 992 1907 ita
1015 1840 1168 1926 dissidet,
1200 1843 1240 1907 ut
1263 1841 1405 1908 alteram

282 1951 430 2032 statuat,
455 1947 514 2014 ubi
538 1947 684 2034 qualitas
708 1968 766 2034 pro
790 1969 825 2015 re
848 1951 1007 2035 ponatur,
1031 1948 1175 2032 tertiam,
1201 1969 1276 2015 cum
1299 1969 1405 2015 unum

283 2059 344 2123 aut
367 2054 529 2121 nonnulla
553 2054 756 2122 collocentur
778 2076 836 2142 pro
860 2055 1033 2137 omnibuS,
1065 2077 1151 2143 quae
1174 2056 1237 2122 sub
1262 2055 1405 2123 eandem

281 2162 446 2229 rationem
477 2160 609 2228 cadant.
667 2160 733 2228 Sed
762 2161 957 2249 priusquam
988 2161 1032 2228 ad
1061 2161 1153 2229 illam
1180 2167 1404 2247 transcamus,

283 2269 323 2336 de
354 2269 419 2336 hac
441 2268 541 2355 paulo
565 2268 722 2335 subtilius
747 2267 965 2355 disputemus,
1017 2269 1137 2351 Qualia
1159 2269 1247 2335 illius
1271 2270 1405 2357 quidem

282 2376 453 2442 sententia
483 2376 546 2441 sub
569 2375 657 2442 hanc
679 2375 822 2441 formam
845 2376 972 2442 cadant
995 2397 1069 2442 cum
1101 2398 1143 2442 ox
1175 2376 1249 2441 aliis
1277 2376 1402 2457 elucet,

283 2486 356 2550 tum
384 2505 426 2549 ex
458 2482 506 2549 eis
538 2503 625 2569 quae
652 2503 704 2569 pg.
722 2483 764 2547 28
794 2482 905 2566 affert,
941 2504 984 2548 ex
1015 2483 1136 2568 quibus
1166 2503 1276 2569 pauca
1306 2482 1406 2548 liceat

282 2591 363 2656 mihi
378 2609 645 2672 commemorare,
666 2587 761 2655 velut
776 2588 839 2655 hoc
855 2611 897 2656 ex
913 2590 1052 2655 Horatio
1069 2590 1174 2675 (epist.
1190 2588 1219 2653 ll
1235 2589 1312 2671 am
1326 2594 1406 2674 sqq.)

282 2697 474 2782 repetitum:
1101 2718 1105 2729 ·

350 2821 500 2887 Festinat
524 2822 645 2886 culidem
667 2821 763 2887 mulis
784 2823 966 2906 qerotisque
988 2823 1176 2905 redemptor,

354 2926 493 3009 Torquet
514 2948 603 2994 uano
625 2928 770 3010 lapidera,
793 2950 882 2994 nano
904 2929 1018 3013 inqeus
1041 2929 1188 2994 mortino
1212 2928 1346 3013 tiquam,

355 3034 478 3099 Tristia
500 3033 639 3099 robustis
660 3034 827 3101 luctentur
848 3035 970 3117 funera
991 3036 1156 3119 plaustris,

351 3141 424 3207 Hoc
446 3140 574 3207 rabioso
595 3141 682 3226 fuqit
704 3140 800 3224 mais,
823 3140 883 3207 hoc
905 3142 1062 3210 lutulento
1084 3144 1153 3209 soit
1175 3164 1239 3209 sos.

284 3281 411 3361 Quibus
441 3281 553 3348 verbis
582 3280 734 3347 homines
768 3282 804 3347 in
834 3283 961 3348 Romae
989 3283 1054 3349 viis
1082 3284 1289 3349 confluentes
1317 3282 1405 3348 fluo-

283 3391 488 3476 tuantesque
511 3410 551 3455 ac
567 3410 642 3455 cum
659 3388 775 3455 bestiis
791 3392 1025 3455 concurrentes
1041 3411 1063 3456 a
1077 3393 1180 3476 poeta
1195 3392 1276 3455 ants
1292 3387 1406 3455 oculos

283 3499 462 3581 ponuntur.
474 3535 519 3543 -
531 3494 597 3563 Sed
620 3500 660 3562 ut
682 3495 855 3563 dilucidior
869 3495 933 3562 fiat
947 3495 1140 3562 Lindsko
1149 3496 1209 3579 gii
1225 3496 1405 3578 sententia,

285 3600 426 3668 alterum
450 3601 594 3668 addatur
617 3602 805 3690 exemplum
830 3602 916 3685 (Hor.
941 3623 991 3689 ep.
1015 3603 1029 3667 l
1054 3604 1083 3686 7,
1094 3603 1136 3667 26
1160 3607 1256 3688 sqq.):

418 3728 516 3795 Forte
538 3731 632 3813 totus,
656 3730 766 3815 niqros
789 3735 930 3814 cnqrutu
951 3730 1059 3812 fronte
1083 3729 1218 3812 capillos,

418 3833 545 3900 Reddes
566 3837 655 3903 dulce
677 3837 772 3920 toqui,
795 3837 907 3902 reddes
929 3837 1034 3902 ridere
1057 3837 1204 3901 decoram
1227 3841 1257 3900 et

420 3938 515 4005 Inter
537 3942 616 4006 oica
637 3941 751 4026 fuqooe
775 3943 914 4009 Cinarae
936 3965 1078 4008 moerere
1095 3948 1273 4026 protervae,

285 4078 405 4164 quibus
428 4083 531 4167 poeta
554 4100 670 4146 omnes
694 4101 752 4147 eas
775 4082 971 4169 voluptates
987 4082 1150 4148 similibus
1167 4082 1299 4149 omissis
1315 4102 1405 4147 corn-

284 4185 476 4272 prehendit‚
508 4208 593 4273 quas
625 4208 701 4254 cum
735 4190 850 4255 aetate
882 4189 1020 4272 vigebat
1048 4190 1212 4257 exhausit.
1269 4187 1406 4255 Adicias

284 4313 379 4379 porro
411 4314 500 4359 carm
516 4293 545 4358 ll
570 4295 620 4377 16,
629 4295 670 4359 33
696 4315 783 4381 sqq,
808 4296 930 4382 quibus
954 4294 1096 4382 Grosphi
1120 4296 1293 4364 cuiusdam
1316 4297 1407 4363 bona

285 4421 372 4487 quae
390 4398 433 4465 ad
446 4400 572 4466 cultum
589 4403 622 4466 et
640 4400 851 4469 affluentiam
864 4402 956 4469 vitae
967 4403 1137 4489 pertinent
1153 4406 1407 4471 enumerantur:
