3600 5334
827 618 1050 683 „44-

378 794 458 860 locis
489 795 634 860 invenis:
670 802 760 862 astra
784 800 957 881 palamque
979 798 1066 863 eleolit
1089 850 1095 862 .
1120 850 1127 862 .
1151 849 1157 862 .
1182 849 1189 863 .
1213 797 1345 865 Aloiolae
1367 800 1500 865 Nemees

378 910 481 969 terror
496 901 527 967 V
540 903 592 985 65,
610 904 627 966 1
644 904 679 966 et
695 903 728 985 23
752 910 842 970 astra
859 907 1033 988 polamqae
1054 905 1113 987 pia
1128 905 1238 988 cepisti
1260 911 1364 972 memte
1379 905 1500 973 Rabiri

377 1009 503 1091 Vuae,
518 1011 546 1073 1.
570 1048 614 1057 -
636 1007 710 1074 Huc
726 1009 808 1074 item
831 1009 894 1075 hoo
914 1010 1095 1091 refertur¹):
1120 1032 1261 1095 quaeqae
1277 1013 1358 1095 tulit,
1381 1020 1499 1097 spectat

376 1119 528 1201 resupino
550 1118 659 1184 stalera
680 1118 780 1200 talla,
803 1116 822 1181 i.
839 1136 865 1181 e.
881 1115 1041 1182 Hercules
1064 1115 1110 1181 IX
1122 1117 1173 1191 43,
1186 1118 1216 1182 3.

467 1224 579 1309 Atque
613 1243 633 1287 a
668 1225 751 1290 eaelo
786 1221 1019 1289 descendimus
1051 1222 1095 1288 ad
1125 1230 1255 1291 terram.
1300 1225 1380 1311 lapi
1410 1226 1498 1290 enim

377 1328 542 1395 vocabulo
578 1329 732 1395 subiecta
766 1332 819 1395 est
849 1330 901 1396 vis
934 1328 1025 1395 collis
1060 1329 1116 1396 vel
1152 1332 1291 1396 montis:
1331 1333 1424 1410 liaris
1458 1334 1497 1398 al

377 1438 535 1521 Hpooaao
555 1438 661 1521 plooia
684 1459 763 1504 rara
786 1438 863 1522 iapo
886 1435 1136 1522 l.speot.18‚2;
1159 1461 1224 1505 aaa
1247 1461 1304 1506 mec
1326 1440 1363 1506 ia
1385 1440 1497 1508 Tasa's

376 1545 521 1611 aasoitae
543 1546 607 1610 ista
638 1545 725 1628 impis
747 1543 902 1627 maes)
933 1545 971 1610 ia
994 1545 1126 1627 Ia'bpois
1149 1598 1156 1611 .
1181 1599 1187 1611 .
1212 1598 1218 1612 .
1241 1547 1328 1633 lapis
1354 1545 1496 1630 1175,4·;

376 1652 452 1717 laea
473 1652 561 1736 iapa,
586 1673 683 1734 qaam
698 1652 810 1735 Npsae
833 1655 928 1734 eolles,
946 1653 1023 1735 plus
1038 1653 1187 1719 Baralms
1210 1655 1331 1721 amaait
1345 1651 1391 1718 IV
1403 1654 1456 1737 44,
1466 1653 1495 1717 3.

376 1758 516 1824 Helaoas
539 1810 546 1824 .
571 1810 577 1822 .
602 1808 608 1823 .
633 1759 712 1842 iapa
743 1761 826 1826 laeta
857 1764 943 1825 temet
967 1756 1122 1844 V173,4;
1156 1760 1294 1844 Massyli
1327 1764 1372 1828 leo
1403 1758 1497 1841 sama

375 1864 447 1949 iapi
461 1863 507 1928 IX
520 1865 572 1945 71,
588 1865 619 1949 13
636 1865 726 1948 piola
742 1913 748 1929 .
765 1915 772 1930 .
789 1919 796 1932 .
811 1867 996 1949 pampineis
1019 1867 1139 1934 violeris
1154 1888 1237 1934 aava
1258 1868 1346 1952 impis
1359 1865 1391 1931 X
1403 1868 1456 1949 93,
1466 1868 1494 1932 2.

375 2009 418 2017 -
435 1975 520 2039 Tum
535 1991 594 2056 pro
607 1991 685 2054 agro
708 1972 803 2057 ponit
818 1971 980 2037 Martialis
993 1976 1130 2059 plebam:
1153 1996 1335 2061 mapaaqae
1350 1976 1496 2043 Niliacae

374 2079 473 2145 serait
496 2079 554 2144 lili
575 2079 665 2163 plata
687 2079 808 2161 Speaes
831 2078 970 2162 V13,7.

464 2185 513 2249 Aa
537 2185 730 2270 saepissime
747 2205 822 2250 oum
838 2184 895 2251 alii
917 2188 1038 2273 poetae
1059 2188 1183 2253 aetatis
1199 2188 1377 2268 argenteae
1394 2207 1495 2271 quam

375 2293 499 2357 vocant
523 2294 597 2356 tum
613 2291 775 2358 Martialis
790 2292 880 2358 idem
905 2293 945 2358 de
969 2314 1034 2378 quo
1052 2292 1262 2379 disputamus
1279 2293 1365 2378 tropi
1388 2312 1495 2375 genus

375 2397 471 2485 ponit
509 2396 552 2463 ad
590 2400 697 2465 totam
730 2401 855 2464 terram
893 2398 1146 2482 significandam
1182 2398 1387 2481 singularum
1422 2399 1494 2463 eius

374 2506 519 2589 partium
550 2506 694 2589 nomina,
726 2509 765 2571 ut
791 2506 883 2572 urbis
907 2507 978 2571 sive
1001 2506 1140 2570 insulae.
1187 2504 1344 2570 (lanieras
1368 2525 1493 2589 quaeso

373 2611 470 2678 haee:
495 2667 501 2680 .
526 2664 532 2677 .
557 2668 564 2680 .
587 2636 726 2698 aamqae
748 2614 786 2681 ia
801 2614 978 2680 Mareotide
999 2612 1095 2692 fasoa
1103 2612 1271 2695 paleariae
1294 2619 1348 2695 est,
1373 2619 1494 2694 paaato

372 2720 483 2786 rarior
512 2722 572 2786 iste
602 2723 684 2788 coloe
705 2719 751 2785 IV
771 2721 824 2800 42,
838 2720 928 2805 5sq.;
964 2721 1102 2785 Romam
1133 2741 1205 2785 erem
1228 2725 1350 2802 peteret
1380 2721 1493 2788 Pharo

371 2828 482 2894 aeliota
506 2829 559 2907 (sa.
575 2826 748 2910 Diodorus)
772 2825 818 2890 IX
830 2827 883 2909 40,
897 2827 931 2910 23
955 2846 1042 2910 quae
1058 2825 1170 2891 omnia
1185 2825 1289 2892 verba
1303 2824 1493 2892 referuntur

372 2930 417 2998 ad
439 2932 639 3020 Aegyptum.

462 3039 624 3105 Martialis
648 3046 763 3104 autem
786 3038 868 3104 alios
901 3038 1004 3104 etiam
1026 3039 1062 3103 in
1086 3059 1125 3104 eo
1149 3041 1308 3126 sequitur,
1341 3039 1429 3125 quod
1452 3060 1493 3104 ea

372 3147 502 3213 ratione
526 3167 595 3212 non
618 3144 728 3211 solum
751 3144 975 3228 substantivo,
1008 3145 1067 3210 sed
1099 3146 1202 3212 etiam
1233 3147 1399 3212 adiectivo
1422 3147 1492 3210 vim

361 3242 602 3340 'synecdochae
625 3252 751 3336 tribuit,
775 3273 877 3338 quam
900 3250 1060 3337 appellari
1082 3251 1181 3319 liceat
1205 3253 1446 3319 attributivam.

464 3361 491 3425 1.
515 3362 564 3426 Aa
593 3359 735 3445 primum
767 3357 899 3443 quidem
925 3379 967 3423 ea
989 3358 1156 3425 voeabula
1179 3358 1371 3442 alferamuS,
1404 3379 1490 3443 quae

373 3467 415 3534 ad
432 3466 599 3552 Europam
615 3467 780 3550 spectant,
804 3462 899 3530 velut
916 3464 1004 3550 apud
1021 3464 1208 3531 Martialem
1223 3465 1389 3533 Aasmiias
1403 3462 1492 3529 idem

372 3573 466 3639 valet
481 3575 583 3657 atque
596 3571 743 3636 Italicus:
767 3572 932 3639 Aasoaias
948 3624 954 3637 .
971 3622 977 3636 .
996 3624 1002 3636 .
1019 3623 1026 3638 .
1042 3573 1137 3639 aias?
1151 3571 1212 3637 VII
1224 3573 1254 3655 6,
1269 3573 1302 3657 23
1325 3573 1491 3641 Aasoaiae

372 3820 457 3875 talem
477 3819 677 3889 designandam
696 3820 795 3874 eadem
814 3819 1002 3876 feneratione
1021 3822 1093 3877 haee
1112 3824 1234 3888 exstant,
1258 3839 1331 3894 quae
1349 3839 1399 3893 per
1416 3823 1490 3877 simi·

371 3908 519 3962 litudinem
556 3908 698 3979 quandam
733 3909 937 3978 intellegimus:
988 3912 1142 3983 pendentia
1180 3912 1332 3975 Mausolea)
1364 3911 1491 3967 laudibus

368 3997 517 4053 immodica
538 3996 621 4053 Oaros
638 3998 669 4054 ia
686 4001 766 4054 ostra
782 4000 876 4069 ferant
894 3998 1032 4072 1.sp.16;
1051 4018 1098 4057 aaa
1114 4002 1205 4057 minor
1217 4000 1333 4055 Alcestim
1343 4000 1424 4066 fama
1441 4000 1490 4054 sul

370 4090 449 4142 aetra
467 4086 544 4155 ferat
562 4087 652 4154 ivus,
661 4087 687 4142 6.

459 4175 480 4242 ¹)
499 4175 631 4231 Hercules
660 4176 734 4232 enim
762 4178 884 4233 humeris
913 4179 1023 4233 caelum
1041 4177 1187 4232 sustulisse
1215 4174 1321 4239 dieitur,
1349 4174 1386 4228 ad
1413 4177 1489 4248 quod

270 4340 271 4344 Ἰ
370 4280 445 4319 nuno
463 4265 588 4336 suspicit.

459 4356 478 4424 ²)
497 4354 569 4410 Nam
587 4357 683 4411 vinum
697 4372 755 4411 non
772 4356 856 4410 modo
876 4352 977 4408 cressit
989 4367 1099 4407 summo
1117 4351 1146 4405 in
1160 4352 1265 4418 monte,
1285 4368 1383 4407 verum
1402 4354 1489 4409 etiam

367 4442 399 4498 in
417 4443 477 4499 eius
495 4443 620 4514 lastigie.
