3600 5334
734 622 958 688 -23..

285 801 445 883 argentea
468 820 569 886 quam
585 802 719 885 vocant,
743 777 816 865 tum
832 798 987 883 Martiali,
1012 798 1102 886 apud
1117 820 1217 886 quem
1239 798 1407 885 permulta

284 905 400 990 habes,
425 905 514 973 sicut
537 905 607 987 (XII
618 906 671 989 36,
689 907 794 992 8sql:

443 1032 578 1098 Pisones
600 1032 796 1115 Senecasque
818 1032 1048 1116 Memmiosque

445 1138 490 1205 nt
515 1140 643 1223 Crispos
665 1138 747 1206 mihi
768 1140 872 1222 redde,
895 1142 951 1206 sed
967 1141 1103 1224 priores.

373 1260 440 1327 Sed
455 1261 576 1347 quibus
600 1260 641 1328 de
663 1263 773 1329 causis
797 1263 882 1329 haec
903 1261 1147 1345 subiungamus
1163 1260 1404 1348 synecdochae,

281 1366 380 1451 inira,
405 1388 447 1434 ne
471 1366 692 1451 digrediamur
715 1391 737 1435 a
758 1369 939 1457 proposito,
964 1389 1179 1455 exponemus.

370 1472 421 1540 Ex
459 1473 512 1539 his
550 1496 637 1562 quae
676 1473 820 1541 diximus
856 1475 941 1540 satis
972 1477 1113 1562 apparet
1143 1474 1405 1540 commutatione

283 1599 494 1647 numerorum
516 1602 575 1668 per
605 1602 641 1647 se
665 1584 797 1666 tropum
820 1600 889 1647 non
914 1580 1009 1646 eiiici.
1056 1582 1163 1664 Quem
1191 1579 1235 1645 ad
1262 1600 1405 1647 errorem

280 1684 400 1754 idcirco
417 1687 546 1774 antiqui
563 1686 773 1771 grammatici
791 1684 920 1751 inducti
936 1684 1093 1751 videntur
1115 1706 1200 1769 esse,
1225 1685 1314 1772 quod
1336 1705 1405 1751 non

283 1793 367 1859 satis
383 1794 540 1859 accurate
556 1792 812 1879 inquisiverunt,
836 1792 958 1879 quibus
982 1790 1023 1858 de
1047 1792 1157 1858 causis
1179 1791 1238 1857 illa
1254 1812 1404 1858 commu-

283 1899 369 1964 tatio
392 1897 486 1964 iacta
509 1898 554 1963 sit
576 1899 610 1964 in
627 1900 801 1985 poetarum
818 1898 1028 1966 carminibus.
1066 1899 1153 1965 Nam
1170 1897 1257 1985 quod
1278 1898 1404 1965 dictum

282 2001 417 2090 aliquod
439 2005 475 2070 in
498 2026 567 2070 una
589 2027 624 2072 re
639 2005 803 2071 latissime
818 2007 934 2093 patere
952 2008 1164 2092 censuerunt,
1188 2005 1317 2072 iactum
1340 2009 1403 2089 est,

281 2113 321 2177 ut
343 2110 435 2177 illam
467 2112 669 2195 singularem
700 2133 740 2179 ac
767 2113 967 2199 peculiarem
998 2112 1229 2200 synecdochae
1260 2114 1404 2199 speciem

280 2219 534 2285 constituerent.
580 2220 727 2302 Quorum
756 2221 961 2287 sententiam
991 2241 1053 2287 nos
1084 2242 1153 2287 non
1182 2220 1280 2307 posse
1308 2221 1404 2307 sequi

282 2323 529 2392 concedendurn
552 2327 622 2393 erit.
660 2326 748 2393 Nam
771 2328 864 2413 talia,
888 2327 947 2394 ubi
969 2326 1197 2413 propioribus
1220 2347 1325 2392 unum
1348 2325 1404 2393 vel

281 2451 339 2517 pro
362 2452 430 2498 uno
453 2433 550 2519 plura
573 2432 786 2517 collocantur,
810 2454 879 2500 non
902 2432 1128 2517 intellegimus
1153 2430 1402 2519 synecdochice,

281 2537 346 2603 nisi
380 2534 455 2605 oum
490 2561 531 2606 ea
573 2561 760 2626 supponere
790 2561 971 2628 possumus
1006 2539 1146 2622 singulis
1180 2539 1281 2604 huius
1315 2539 1403 2623 tropi

281 2644 441 2730 partibus,
464 2646 499 2711 in
522 2668 606 2732 quas
630 2646 765 2712 omnino
790 2667 867 2713 eum
889 2644 991 2712 dividi
1014 2649 1186 2731 putemne,
1210 2643 1264 2710 cui
1287 2645 1402 2709 autem

280 2752 368 2836 parti
383 2752 452 2818 sint
463 2750 697 2834 subiungenda
713 2772 764 2833 ea,
781 2752 839 2818 ubi
850 2754 992 2818 membro
1003 2753 1141 2817 exstant
1155 2772 1213 2836 pro
1226 2773 1329 2817 mona
1343 2770 1401 2835 pro

280 2858 392 2925 Aeaeo
400 2859 522 2924 eecsedes
533 2862 580 2926 cel
591 2861 694 2939 daces,
706 2857 964 2942 insequentibus
975 2857 1192 2944 paragraphis
1202 2855 1402 2924 docebimus.

806 3072 877 3154 er.

369 3192 554 3259 Dicendum
584 3214 674 3260 nunc
704 3192 745 3258 de
777 3193 845 3260 alia
872 3193 1101 3280 synecdochae
1131 3194 1246 3261 forma.
1292 3195 1401 3277 Quam

279 3302 353 3366 tum
376 3321 451 3367 cum
474 3321 581 3384 genus
608 3321 666 3388 pro
695 3301 805 3387 specie
836 3300 971 3387 ponitur
1003 3305 1191 3384 agnoscunt
1217 3303 1257 3367 ut
1288 3323 1400 3386 gram-

280 3407 394 3473 matici
407 3405 560 3491 Graeci,¹)
577 3407 626 3474 ita
639 3406 874 3489 Quintilianus
893 3427 1033 3493 quorum
1046 3408 1281 3473 auctoritatem
1297 3409 1400 3476 etiam

279 3512 369 3580 docti
391 3514 491 3580 huius
515 3516 638 3581 aetatis
662 3515 769 3581 secuti
792 3516 881 3580 sunt.
928 3513 992 3594 Qui
1015 3534 1130 3579 omnes
1158 3513 1224 3579 huo
1251 3512 1401 3579 referunt

279 3640 347 3685 non
372 3620 489 3705 solum,
514 3621 572 3688 ubi
592 3627 739 3691 maome
762 3640 820 3708 pro
840 3622 1023 3689 hominibus
1045 3619 1258 3700 collocantur,
1282 3639 1400 3684 verum

280 3727 392 3808 etiam,
417 3727 475 3792 ubi
496 3748 555 3813 pro
570 3732 685 3815 plodio,
710 3728 873 3794 similibus
888 3728 989 3794 rebus
1004 3728 1138 3812 ferrum,
1161 3747 1219 3811 pro
1242 3725 1293 3808 iis,
1314 3745 1399 3810 quae

278 3852 322 3896 ex
346 3852 508 3898 marmore
532 3834 686 3900 coniecta
716 3837 805 3917 sunt,
836 3832 871 3899 id
897 3835 1007 3920 ipsum
1034 3834 1177 3919 ponitur.
1224 3829 1290 3896 Sed
1319 3834 1401 3897 sunt

280 3937 346 4023 qui,
371 3959 446 4004 cum
469 3941 589 4024 positae
611 3938 670 4005 illa
693 3938 817 4021 dicunt,
841 3940 876 4005 in
900 3941 948 4005 eis
971 3960 1039 4005 non
1062 3936 1316 4025 synecdochem,
1341 3937 1400 4004 sed

280 4044 520 4131 metonymiam
536 4048 668 4111 exstare
685 4046 896 4131 opinentur.²)
937 4045 1045 4132 Supra
1062 4047 1149 4111 enim
1165 4045 1399 4128 grammaticos

369 4258 389 4327 ¹)
409 4257 463 4313 Cir.
481 4257 787 4313 Pseudo-Plutarchum
810 4260 839 4312 et
862 4274 1043 4328 anonymum,
1069 4274 1140 4329 quos
1164 4274 1248 4329 supra
1271 4258 1398 4315 diximus,

368 4345 388 4414 ²)
410 4346 523 4402 Servius
536 4347 627 4416 (Verg.
640 4346 710 4401 Aen.
722 4346 760 4400 IX
772 4345 832 4412 695,
846 4346 896 4400 Xll
908 4346 962 4402 737
968 4363 974 4413 ;
993 4347 1061 4401 Buo.
1074 4347 1124 4401 VII
1137 4346 1193 4416 37„
1214 4347 1263 4403 cir.
1277 4347 1399 4402 Moore

279 4431 684 4504 l.s.s.pg.lb;Streubpg.
698 4434 728 4501 ‘l;
742 4434 1397 4507 Grosspg.27;Braumuellerpg.5sqq.;
