3600 5334
807 659 1031 724 „50-

358 839 462 906 trata
492 844 581 907 tmas
603 835 634 901 X
658 837 786 920 47,10;
815 838 985 921 funeream
1005 889 1012 903 .
1033 889 1040 903 .
1061 890 1068 902 .
1091 838 1169 904 turis
1191 843 1323 920 amasam
1350 845 1484 922 aterque

356 946 461 1029 facem
484 944 558 1011 VIII
582 944 635 1027 43,
653 945 683 1025 2,
713 963 778 1028 qua
801 942 873 1008 loca
897 943 1023 1008 Fabius
1054 945 1090 1009 66
1120 941 1297 1009 (1166661116
1327 943 1484 1010 dicuntur

358 1051 533 1119 funeream
556 1051 638 1117 toris
662 1071 823 1136 quassare
850 1048 969 1133 facem,
1000 1070 1088 1135 quae
1111 1050 1216 1116 verba
1246 1053 1284 1115 ut
1306 1074 1423 1119 rarsas
1452 1058 1484 1118 et

359 1162 397 1227 im
419 1160 538 1227 amaa
561 1155 687 1243 demam]
709 1178 809 1240 usqae
831 1164 915 1224 taras
935 1155 995 1221 VH
1018 1157 1071 1241 58,
1089 1158 1109 1222 6
1134 1177 1202 1222 666
1230 1156 1338 1223 solum
1361 1177 1482 1244 synec-

360 1264 505 1349 dochice,
537 1262 596 1330 sed
627 1263 728 1329 etiam
752 1263 974 1350 metonymice
1005 1265 1087 1328 sunt
1109 1263 1207 1330 dicta.
1252 1262 1341 1330 Nam
1370 1266 1412 1329 ut
1437 1263 1484 1329 ibi

359 1372 444 1438 haec
479 1374 532 1438 est
565 1370 737 1437 sententia
774 1372 834 1453 tu,
869 1369 929 1435 ubi
962 1369 1105 1456 primum
1139 1368 1316 1437 deseruisti
1349 1369 1483 1436 mabam

360 1478 527 1560 maritum,
558 1480 594 1544 te
617 1476 679 1542 das
709 1497 825 1542 rursus
853 1476 973 1558 simili',
1004 1474 1059 1542 hic
1081 1476 1206 1543 Fabius
1238 1479 1273 1542 66
1296 1476 1483 1559 Chrestilla,

361 1604 437 1650 aum
460 1605 478 1650 e
501 1583 610 1650 media
634 1582 754 1650 tollant
778 1584 946 1668 coniuges,
970 1583 1182 1649 matrimonia
1205 1582 1309 1648 linem
1328 1603 1483 1669 praema-

360 1693 473 1758 turum
497 1692 699 1758 constituere
722 1691 887 1773 tarantum
917 1710 999 1756 nam
1022 1689 1164 1757 ‘facibus
1196 1689 1345 1756 accensis
1375 1689 1484 1755 elatas

360 1797 466 1865 fuisse
497 1800 655 1865 mortuos'
679 1798 768 1864 inter
797 1817 914 1864 amnes
946 1800 1113 1881 canstat.¹)
1145 1802 1190 1845 ’-
1217 1796 1337 1863 Rarius
1369 1801 1483 1863 autem

361 1908 483 1991 samaa
506 1904 661 1988 designat
683 1903 828 1971 ‘lectum’
852 1903 930 1989 X5,
945 1905 978 1986 93
1001 1903 1080 1969 XIV
1096 1905 1152 1988 853
1175 1904 1219 1969 III
1242 1906 1295 1988 91,
1309 1905 1339 1970 9.

450 2012 547 2078 Ν666
563 2011 798 2098 perveniamus
821 2009 865 2076 ad
887 2032 951 2094 res,
974 2031 1061 2097 quae
1077 2012 1236 2099 temporis
1253 2011 1389 2077 natione
1406 2031 1485 2077 666-

361 2120 520 2184 tinentur.
567 2117 773 2199 Quibusdam
809 2117 898 2183 enim
932 2117 1044 2183 verbis
1078 2117 1245 2185 voeabula
1280 2138 1302 2182 a
1332 2115 1486 2183 Martiale

361 2224 564 2307 tribuuntur,
589 2245 676 2311 quae
698 2245 756 2311 pm
778 2227 851 2291 toto
867 2225 1027 2310 temporis
1043 2224 1153 2310 spatio
1170 2224 1343 2289 exstantia
1358 2223 1485 2309 proprie

362 2330 511 2419 aliquam
542 2332 615 2397 eius
642 2335 772 2417 partem
795 2330 997 2413 significant.
1044 2329 1098 2395 Sic
1127 2331 1299 2415 ponuntur
1325 2350 1384 2415 pm
1412 2329 1487 2394 6666

363 2458 453 2504 anna
477 2445 581 2506 aestas
605 2441 640 2504 et
658 2438 844 2505 December:
867 2438 925 2504 boc
945 2457 1004 2518 per
1027 2438 1165 2521 tripimta
1188 2438 1302 2520 marai,
1325 2433 1484 2518 Fabiana,

362 2546 550 2614 Decembres
572 2544 617 2610 HI
640 2545 693 2625 36,
708 2546 740 2623 73
771 2545 887 2611 duait.
906 2548 1087 2609 ..aestates
1109 2543 1268 2628 synthesis
1290 2564 1360 2610 aaa
1382 2543 1486 2609 decem

361 2651 407 2718 IV
429 2654 482 2734 66,
496 2654 530 2735 4,
560 2652 696 2719 maltos.
718 2699 724 2714 .
746 2697 753 2714 .
771 2656 846 2734 past
874 2650 1061 2716 Decembres
1087 2647 1148 2714 XII
1170 2650 1221 2733 18,
1241 2652 1270 2717 7.
1315 2647 1487 2715 Interdum

363 2758 536 2841 Marfialis,
559 2759 598 2822 ut
621 2756 751 2821 animos
773 2754 958 2838 legentium
982 2756 1077 2843 mpla
1102 2776 1213 2822 rerum
1237 2754 1390 2840 delectet,
1420 2755 1487 2822 dua

364 2867 451 2933 inter
474 2885 510 2930 66
534 2862 667 2928 diversa
689 2862 793 2929 verba
816 2861 919 2928 affert
943 2883 1001 2949 per
1029 2864 1173 2929 eundem
1196 2866 1330 2950 tropum
1352 2862 1486 2929 intelle-

364 2971 485 3056 genda:
507 2976 659 3055 aaattaer
674 2972 725 3038 bic
740 2977 858 3038 aestate
874 2977 964 3057 tapae
975 2973 1121 3055 pluresue
1137 2978 1298 3054 teramar,
1319 2972 1490 3040 actamnis

363 3081 409 3147 ibi
430 3100 480 3144 me
502 3084 654 3159 aaattaar
676 3100 746 3144 aaa
769 3081 846 3163 tepit
867 3076 898 3141 X
923 3076 974 3161 96,
990 3079 1029 3142 11
1047 3080 1081 3143 66
1100 3079 1153 3163 12,
1176 3099 1256 3143 nam
1279 3078 1375 3160 ratio,
1401 3096 1487 3162 quae

365 3185 400 3249 in
423 3182 476 3247 his
491 3182 645 3249 versibus
659 3183 801 3249 interest
822 3184 910 3249 inter
932 3183 947 3248 Ι
970 3186 1006 3249 66
1027 3182 1082 3270 IV,
1106 3184 1267 3270 postulat,
1292 3186 1332 3249 ut
1354 3204 1412 3249 666
1434 3183 1489 3246 in-

365 3289 564 3373 tellegamus
587 3310 655 3356 666
679 3290 744 3355 alia
768 3289 865 3357 mado
889 3290 955 3355 nisi
978 3289 1054 3356 hac:
1077 3292 1118 3356 ut
1132 3289 1270 3370 Romae,
1294 3289 1352 3354 ubi
1375 3308 1428 3353 me
1451 3287 1487 3352 in

365 3394 535 3483 publicum
568 3395 698 3483 prodire
733 3396 929 3483 saepissime
965 3396 1190 3463 necessarium
1225 3398 1285 3477 est,
1322 3397 1394 3460 tera
1429 3415 1488 3481 per

365 3523 471 3568 unum
494 3523 622 3569 annum
645 3505 806 3588 quattuor
831 3506 939 3586 togas,
966 3503 1017 3568 ita
1038 3501 1157 3587 Bilhili,
1189 3501 1247 3567 ubi
1274 3500 1406 3587 publica
1434 3521 1491 3566 me

367 3609 530 3692 abstineo,
553 3631 612 3697 per
634 3611 794 3696 quattuor
815 3608 936 3675 induor
958 3628 1036 3674 una.

455 3716 606 3784 Eandem
637 3718 750 3782 autem
774 3716 842 3783 vim
865 3716 960 3783 verbi
982 3716 1093 3783 messis
1121 3735 1195 3781 esse
1227 3736 1269 3781 ex
1299 3714 1351 3780 his
1380 3716 1491 3801 patet:

367 3831 485 3910 qaarta
516 3826 618 3895 trabas
640 3826 752 3894 lustris
779 3826 891 3892 addita
913 3825 1025 3891 messis
1052 3830 1122 3891 erat
1144 3822 1158 3887 Ι
1181 3823 1254 3906 101,
1268 3824 1302 3909 4,
1334 3821 1493 3890 bissenis

367 3934 458 4000 modo
495 3934 648 4001 messibus
676 3933 819 4017 peractis
849 3929 896 3996 VI
919 3932 972 4017 26,
994 3932 1028 4015 8;
1062 3932 1272 4018 seaapesima,
1307 3931 1488 4010 Marciam,

367 4041 477 4107 messis
499 4046 571 4107 acta
594 4046 639 4107 est
662 4046 700 4124 et,
723 4046 813 4123 preto,
841 4040 910 4106 iam
931 4042 1072 4107 semmaa
1098 4041 1206 4107 Cattae
1227 4036 1274 4102 VI
1291 4037 1342 4119 70,
1362 4038 1379 4101 1
1397 4038 1432 4102 66
1454 4036 1493 4119 2,

368 4307 448 4359 satur
472 4304 501 4358 in
525 4307 615 4369 rebus,
640 4320 757 4377 quarum
781 4304 871 4357 altera
894 4302 924 4356 in
943 4319 1043 4358 sensus
1061 4302 1147 4368 cadit,
1173 4319 1236 4357 cnm
1258 4302 1314 4357 hoa
1332 4301 1414 4356 alteri
1431 4316 1494 4356 nan

369 4393 438 4448 item
451 4391 607 4463 contIngat’
619 4393 642 4446 L
652 4393 661 4445 i
671 4409 690 4446 n
700 4393 718 4445 d
728 4391 825 4459 skog
843 4405 889 4460 pg.
902 4390 945 4444 47.

460 4481 480 4550 1)
500 4480 555 4536 Gir.
576 4479 728 4534 Schrevelii
746 4477 972 4533 commentarios.
