<?xml version="1.0" encoding="UTF-8"?>
<!DOCTYPE html PUBLIC "-//W3C//DTD XHTML 1.0 Transitional//EN"
    "http://www.w3.org/TR/xhtml1/DTD/xhtml1-transitional.dtd">
<html xmlns="http://www.w3.org/1999/xhtml" xml:lang="en" lang="en">
 <head>
  <title>
</title>
<meta http-equiv="Content-Type" content="text/html;charset=utf-8" />
  <meta name='ocr-system' content='tesseract 3.04.00' />
  <meta name='ocr-capabilities' content='ocr_page ocr_carea ocr_par ocr_line ocrx_word'/>
</head>
<body>
  <div class='ocr_page' id='page_1' title='image "./desynecdochaeiv00martgoog/desynecdochaeiv00martgoog_0019.png"; bbox 0 0 3600 5334; ppageno 0'>
   <div class='ocr_carea' id='block_1_1' title="bbox 729 611 953 673">
    <p class='ocr_par' dir='ltr' id='par_1_1' title="bbox 729 611 953 673">
     <span class='ocr_line' id='line_1_1' title="bbox 729 611 953 673; baseline -0.004 -16"><span class='ocrx_word' id='word_1_1' title='bbox 729 611 953 673; x_wconf 77' lang='lat'>..11-</span> 
     </span>
    </p>
   </div>
   <div class='ocr_carea' id='block_1_2' title="bbox 276 785 1404 4075">
    <p class='ocr_par' dir='ltr' id='par_1_2' title="bbox 371 785 1403 874">
     <span class='ocr_line' id='line_1_2' title="bbox 371 785 1403 874; baseline 0.001 -22"><span class='ocrx_word' id='word_1_2' title='bbox 371 786 464 866; x_wconf 80' lang='lat' dir='ltr'><em>Quae</em></span> <span class='ocrx_word' id='word_1_3' title='bbox 487 807 567 853; x_wconf 85' lang='lat' dir='ltr'><em>vero</em></span> <span class='ocrx_word' id='word_1_4' title='bbox 591 785 634 852; x_wconf 86' lang='lat' dir='ltr'><em>ed</em></span> <span class='ocrx_word' id='word_1_5' title='bbox 657 787 784 853; x_wconf 87' lang='lat' dir='ltr'><em>victum</em></span> <span class='ocrx_word' id='word_1_6' title='bbox 813 786 1007 874; x_wconf 86' lang='lat' dir='ltr'><em>cultumque</em></span> <span class='ocrx_word' id='word_1_7' title='bbox 1036 789 1071 853; x_wconf 86' lang='lat' dir='ltr'><em>et</em></span> <span class='ocrx_word' id='word_1_8' title='bbox 1098 787 1198 853; x_wconf 84' lang='lat' dir='ltr'><em>beate</em></span> <span class='ocrx_word' id='word_1_9' title='bbox 1222 786 1403 853; x_wconf 84' lang='lat' dir='ltr'><em>vivendum</em></span> 
     </span>
    </p>

    <p class='ocr_par' dir='ltr' id='par_1_3' title="bbox 282 893 1403 2156">
     <span class='ocr_line' id='line_1_3' title="bbox 282 893 1403 980; baseline 0 -21"><span class='ocrx_word' id='word_1_10' title='bbox 282 893 473 961; x_wconf 78' lang='lat' dir='ltr'><em>necessarie</em></span> <span class='ocrx_word' id='word_1_11' title='bbox 506 894 584 979; x_wconf 85' lang='lat' dir='ltr'><em>sint,</em></span> <span class='ocrx_word' id='word_1_12' title='bbox 621 893 656 958; x_wconf 93' lang='lat' dir='ltr'><em>hi</em></span> <span class='ocrx_word' id='word_1_13' title='bbox 687 915 805 960; x_wconf 88' lang='lat' dir='ltr'><em>versus</em></span> <span class='ocrx_word' id='word_1_14' title='bbox 837 897 1093 980; x_wconf 76' lang='lat' dir='ltr'>repraesentant</span> <span class='ocrx_word' id='word_1_15' title='bbox 1121 893 1161 977; x_wconf 87' lang='lat' dir='ltr'><em>(X</em></span> <span class='ocrx_word' id='word_1_16' title='bbox 1185 895 1403 980; x_wconf 82' lang='lat' dir='ltr'><strong>47,15sqq.):</strong></span> 
     </span>
     <span class='ocr_line' id='line_1_4' title="bbox 441 1002 1079 1087; baseline 0.002 -19"><span class='ocrx_word' id='word_1_17' title='bbox 441 1002 508 1068; x_wconf 88' lang='lat' dir='ltr'><em>Res</em></span> <span class='ocrx_word' id='word_1_18' title='bbox 531 1024 597 1068; x_wconf 88' lang='lat' dir='ltr'><em>non</em></span> <span class='ocrx_word' id='word_1_19' title='bbox 613 1008 716 1087; x_wconf 75' lang='lat' dir='ltr'><em>porte</em></span> <span class='ocrx_word' id='word_1_20' title='bbox 738 1002 851 1085; x_wconf 78' lang='lat' dir='ltr'><em>lobene,</em></span> <span class='ocrx_word' id='word_1_21' title='bbox 875 1004 930 1069; x_wconf 82' lang='lat' dir='ltr'><em>sed</em></span> <span class='ocrx_word' id='word_1_22' title='bbox 952 1003 1079 1085; x_wconf 57' lang='lat' dir='ltr'><em>relicte·</em></span> 
     </span>
     <span class='ocr_line' id='line_1_5' title="bbox 443 1110 1100 1194; baseline -0.003 -17"><span class='ocrx_word' id='word_1_23' title='bbox 443 1110 521 1177; x_wconf 89' lang='lat' dir='ltr'><em>Non</em></span> <span class='ocrx_word' id='word_1_24' title='bbox 544 1110 695 1194; x_wconf 73' lang='lat' dir='ltr'><em>inoiotns</em></span> <span class='ocrx_word' id='word_1_25' title='bbox 718 1131 804 1194; x_wconf 73' lang='lat' dir='ltr'><em>noer,</em></span> <span class='ocrx_word' id='word_1_26' title='bbox 827 1110 918 1193; x_wconf 80' lang='lat' dir='ltr'><em>focus</em></span> <span class='ocrx_word' id='word_1_27' title='bbox 935 1110 1100 1193; x_wconf 79' lang='lat' dir='ltr'><em>perennis,</em></span> 
     </span>
     <span class='ocr_line' id='line_1_6' title="bbox 441 1216 1175 1302; baseline -0.001 -19"><span class='ocrx_word' id='word_1_28' title='bbox 441 1216 501 1283; x_wconf 83' lang='lat' dir='ltr'><em>Iis</em></span> <span class='ocrx_word' id='word_1_29' title='bbox 523 1237 706 1300; x_wconf 80' lang='lat' dir='ltr'><em>nunqnom3</em></span> <span class='ocrx_word' id='word_1_30' title='bbox 730 1222 802 1302; x_wconf 71' lang='lat' dir='ltr'><em>loon</em></span> <span class='ocrx_word' id='word_1_31' title='bbox 825 1238 914 1300; x_wconf 79' lang='lat' dir='ltr'><em>inno,</em></span> <span class='ocrx_word' id='word_1_32' title='bbox 937 1238 1027 1282; x_wconf 82' lang='lat' dir='ltr'><em>inens</em></span> <span class='ocrx_word' id='word_1_33' title='bbox 1050 1217 1175 1299; x_wconf 75' lang='lat' dir='ltr'><em>oeten,-</em></span> 
     </span>
     <span class='ocr_line' id='line_1_7' title="bbox 448 1323 1028 1407; baseline 0.002 -19"><span class='ocrx_word' id='word_1_34' title='bbox 448 1323 537 1389; x_wconf 86' lang='lat' dir='ltr'><em>Vires</em></span> <span class='ocrx_word' id='word_1_35' title='bbox 559 1325 724 1407; x_wconf 82' lang='lat' dir='ltr'><em>inoennoe,</em></span> <span class='ocrx_word' id='word_1_36' title='bbox 747 1323 874 1391; x_wconf 73' lang='lat' dir='ltr'><em>salubre</em></span> <span class='ocrx_word' id='word_1_37' title='bbox 897 1345 1028 1407; x_wconf 54' lang='lat' dir='ltr'><em>coinon</em></span> 
     </span>
     <span class='ocr_line' id='line_1_8' title="bbox 440 1430 1057 1515; baseline -0.002 -19"><span class='ocrx_word' id='word_1_38' title='bbox 440 1431 592 1501; x_wconf 76' lang='lat' dir='ltr'><em>Prolem</em></span> <span class='ocrx_word' id='word_1_39' title='bbox 614 1431 810 1515; x_wconf 75' lang='lat' dir='ltr'><em>simplicitas,</em></span> <span class='ocrx_word' id='word_1_40' title='bbox 827 1451 929 1515; x_wconf 76' lang='lat' dir='ltr'><em>nones</em></span> <span class='ocrx_word' id='word_1_41' title='bbox 952 1430 1057 1512; x_wconf 84' lang='lat' dir='ltr'><em>oniioi,</em></span> 
     </span>
     <span class='ocr_line' id='line_1_9' title="bbox 441 1538 1086 1621; baseline 0.003 -21"><span class='ocrx_word' id='word_1_42' title='bbox 441 1538 610 1605; x_wconf 71' lang='lat' dir='ltr'><em>Convictus</em></span> <span class='ocrx_word' id='word_1_43' title='bbox 631 1538 747 1621; x_wconf 80' lang='lat' dir='ltr'><em>fnoilis,</em></span> <span class='ocrx_word' id='word_1_44' title='bbox 771 1538 841 1603; x_wconf 84' lang='lat' dir='ltr'><em>sine</em></span> <span class='ocrx_word' id='word_1_45' title='bbox 865 1542 935 1603; x_wconf 79' lang='lat' dir='ltr'><em>nile</em></span> <span class='ocrx_word' id='word_1_46' title='bbox 957 1558 1086 1619; x_wconf 55' lang='grc' dir='ltr'><strong><em>υπατος</em></strong></span> 
     </span>
     <span class='ocr_line' id='line_1_10' title="bbox 440 1643 1052 1726; baseline -0.002 -16"><span class='ocrx_word' id='word_1_47' title='bbox 440 1645 518 1711; x_wconf 82' lang='lat' dir='ltr'><em>Non</em></span> <span class='ocrx_word' id='word_1_48' title='bbox 540 1665 608 1709; x_wconf 91' lang='lat' dir='ltr'><em>non</em></span> <span class='ocrx_word' id='word_1_49' title='bbox 631 1643 728 1726; x_wconf 74' lang='lat' dir='ltr'><em>ebrie,</em></span> <span class='ocrx_word' id='word_1_50' title='bbox 752 1645 806 1709; x_wconf 79' lang='lat' dir='ltr'><em>sel</em></span> <span class='ocrx_word' id='word_1_51' title='bbox 828 1645 932 1710; x_wconf 81' lang='lat' dir='ltr'><em>soluto</em></span> <span class='ocrx_word' id='word_1_52' title='bbox 955 1644 1052 1725; x_wconf 71' lang='grc' dir='ltr'><strong><em>οιιιίσ,</em></strong></span> 
     </span>
     <span class='ocr_line' id='line_1_11' title="bbox 441 1750 1123 1834; baseline -0.003 -17"><span class='ocrx_word' id='word_1_53' title='bbox 441 1751 518 1817; x_wconf 89' lang='lat' dir='ltr'><em>Non</em></span> <span class='ocrx_word' id='word_1_54' title='bbox 542 1751 644 1817; x_wconf 74' lang='lat' dir='ltr'><em>tristis</em></span> <span class='ocrx_word' id='word_1_55' title='bbox 668 1756 765 1833; x_wconf 77' lang='lat' dir='ltr'><em>toros,</em></span> <span class='ocrx_word' id='word_1_56' title='bbox 789 1756 819 1816; x_wconf 88' lang='lat' dir='ltr'><em>et</em></span> <span class='ocrx_word' id='word_1_57' title='bbox 842 1755 949 1815; x_wconf 84' lang='lat' dir='ltr'><em>tomen</em></span> <span class='ocrx_word' id='word_1_58' title='bbox 966 1750 1123 1834; x_wconf 46' lang='lat' dir='ltr'><em>podien&amp;</em></span> 
     </span>
     <span class='ocr_line' id='line_1_12' title="bbox 441 1855 1106 1940; baseline -0.003 -17"><span class='ocrx_word' id='word_1_59' title='bbox 441 1858 589 1940; x_wconf 81' lang='lat' dir='ltr'><em>Somnus,</em></span> <span class='ocrx_word' id='word_1_60' title='bbox 614 1857 670 1939; x_wconf 80' lang='lat' dir='ltr'><em>oni</em></span> <span class='ocrx_word' id='word_1_61' title='bbox 691 1855 795 1937; x_wconf 86' lang='lat' dir='ltr'><em>sooiot</em></span> <span class='ocrx_word' id='word_1_62' title='bbox 818 1857 924 1922; x_wconf 83' lang='lat' dir='ltr'><em>brooes</em></span> <span class='ocrx_word' id='word_1_63' title='bbox 946 1859 1106 1938; x_wconf 57' lang='lat' dir='ltr'><em>tenebras·</em></span> 
     </span>
     <span class='ocr_line' id='line_1_13' title="bbox 443 1963 1096 2047; baseline -0.003 -16"><span class='ocrx_word' id='word_1_64' title='bbox 443 1964 534 2044; x_wconf 78' lang='lat' dir='ltr'><em>Qooo</em></span> <span class='ocrx_word' id='word_1_65' title='bbox 556 1965 610 2047; x_wconf 80' lang='lat' dir='ltr'><em>sis,</em></span> <span class='ocrx_word' id='word_1_66' title='bbox 633 1985 698 2031; x_wconf 88' lang='lat' dir='ltr'><em>esse</em></span> <span class='ocrx_word' id='word_1_67' title='bbox 720 1965 797 2032; x_wconf 83' lang='lat' dir='ltr'><em>velis</em></span> <span class='ocrx_word' id='word_1_68' title='bbox 819 1963 963 2046; x_wconf 72' lang='lat' dir='ltr'><em>nihilque</em></span> <span class='ocrx_word' id='word_1_69' title='bbox 986 1964 1096 2046; x_wconf 61' lang='lat' dir='ltr'><em>nolis·</em></span> 
     </span>
     <span class='ocr_line' id='line_1_14' title="bbox 441 2071 1133 2156; baseline 0.006 -23"><span class='ocrx_word' id='word_1_70' title='bbox 441 2071 607 2136; x_wconf 81' lang='lat' dir='ltr'><em>Soninnine</em></span> <span class='ocrx_word' id='word_1_71' title='bbox 629 2092 687 2136; x_wconf 89' lang='lat' dir='ltr'><em>nee</em></span> <span class='ocrx_word' id='word_1_72' title='bbox 708 2077 831 2137; x_wconf 81' lang='lat' dir='ltr'><em>meinos</em></span> <span class='ocrx_word' id='word_1_73' title='bbox 853 2072 938 2137; x_wconf 81' lang='lat' dir='ltr'><em>disin</em></span> <span class='ocrx_word' id='word_1_74' title='bbox 961 2093 1018 2138; x_wconf 86' lang='lat' dir='ltr'><em>neo</em></span> <span class='ocrx_word' id='word_1_75' title='bbox 1040 2077 1133 2156; x_wconf 77' lang='lat' dir='ltr'><em>optes.</em></span> 
     </span>
    </p>

    <p class='ocr_par' dir='ltr' id='par_1_4' title="bbox 276 2174 1404 4075">
     <span class='ocr_line' id='line_1_15' title="bbox 370 2174 1404 2264; baseline 0.001 -23"><span class='ocrx_word' id='word_1_76' title='bbox 370 2174 436 2242; x_wconf 87' lang='lat' dir='ltr'><em>Sed</em></span> <span class='ocrx_word' id='word_1_77' title='bbox 452 2177 617 2262; x_wconf 90' lang='lat' dir='ltr'><em>quomodo</em></span> <span class='ocrx_word' id='word_1_78' title='bbox 641 2177 676 2242; x_wconf 92' lang='lat' dir='ltr'><em>in</em></span> <span class='ocrx_word' id='word_1_79' title='bbox 692 2176 846 2242; x_wconf 90' lang='lat' dir='ltr'><em>omnibus</em></span> <span class='ocrx_word' id='word_1_80' title='bbox 870 2175 934 2242; x_wconf 87' lang='lat' dir='ltr'><em>illis</em></span> <span class='ocrx_word' id='word_1_81' title='bbox 951 2176 1110 2263; x_wconf 87' lang='lat' dir='ltr'><em>exemplis</em></span> <span class='ocrx_word' id='word_1_82' title='bbox 1126 2181 1243 2264; x_wconf 87' lang='lat' dir='ltr'><em>tropus</em></span> <span class='ocrx_word' id='word_1_83' title='bbox 1267 2177 1312 2242; x_wconf 85' lang='lat' dir='ltr'><em>sit</em></span> <span class='ocrx_word' id='word_1_84' title='bbox 1334 2197 1404 2242; x_wconf 90' lang='lat' dir='ltr'><em>non</em></span> 
     </span>
     <span class='ocr_line' id='line_1_16' title="bbox 280 2281 1404 2367; baseline 0 -18"><span class='ocrx_word' id='word_1_85' title='bbox 280 2281 442 2350; x_wconf 72' lang='lat' dir='ltr'><em>videmus</em></span> <span class='ocrx_word' id='word_1_86' title='bbox 482 2282 583 2350; x_wconf 78' lang='lat' dir='ltr'><em>Cuius</em></span> <span class='ocrx_word' id='word_1_87' title='bbox 599 2285 667 2350; x_wconf 89' lang='lat' dir='ltr'><em>vim</em></span> <span class='ocrx_word' id='word_1_88' title='bbox 691 2305 731 2350; x_wconf 83' lang='lat' dir='ltr'><em>ae</em></span> <span class='ocrx_word' id='word_1_89' title='bbox 746 2287 904 2350; x_wconf 78' lang='lat' dir='ltr'><em>naturam</em></span> <span class='ocrx_word' id='word_1_90' title='bbox 925 2305 1000 2350; x_wconf 86' lang='lat' dir='ltr'><em>eum</em></span> <span class='ocrx_word' id='word_1_91' title='bbox 1021 2283 1110 2367; x_wconf 82' lang='lat' dir='ltr'><em>alibi,</em></span> <span class='ocrx_word' id='word_1_92' title='bbox 1134 2286 1208 2350; x_wconf 85' lang='lat' dir='ltr'><em>tum</em></span> <span class='ocrx_word' id='word_1_93' title='bbox 1231 2283 1285 2350; x_wconf 88' lang='lat' dir='ltr'><em>hic</em></span> <span class='ocrx_word' id='word_1_94' title='bbox 1301 2282 1404 2349; x_wconf 83' lang='lat' dir='ltr'><em>letius</em></span> 
     </span>
     <span class='ocr_line' id='line_1_17' title="bbox 280 2388 1403 2476; baseline -0.001 -22"><span class='ocrx_word' id='word_1_95' title='bbox 280 2391 395 2475; x_wconf 84' lang='lat' dir='ltr'><em>petere</em></span> <span class='ocrx_word' id='word_1_96' title='bbox 419 2410 520 2476; x_wconf 86' lang='lat' dir='ltr'><em>quem</em></span> <span class='ocrx_word' id='word_1_97' title='bbox 543 2389 643 2456; x_wconf 81' lang='lat' dir='ltr'><em>liceat</em></span> <span class='ocrx_word' id='word_1_98' title='bbox 665 2389 860 2457; x_wconf 88' lang='lat' dir='ltr'><em>Lindsko</em></span> <span class='ocrx_word' id='word_1_99' title='bbox 868 2412 889 2474; x_wconf 88' lang='lat' dir='ltr'>g</span> <span class='ocrx_word' id='word_1_100' title='bbox 913 2390 995 2457; x_wconf 86' lang='lat' dir='ltr'><em>vult.</em></span> <span class='ocrx_word' id='word_1_101' title='bbox 1038 2391 1069 2455; x_wconf 84' lang='lat' dir='ltr'><em>Is</em></span> <span class='ocrx_word' id='word_1_102' title='bbox 1099 2392 1196 2468; x_wconf 87' lang='lat' dir='ltr'><em>enim,</em></span> <span class='ocrx_word' id='word_1_103' title='bbox 1225 2410 1300 2455; x_wconf 86' lang='lat' dir='ltr'><em>oum</em></span> <span class='ocrx_word' id='word_1_104' title='bbox 1324 2388 1403 2474; x_wconf 90' lang='lat' dir='ltr'><em>quid</em></span> 
     </span>
     <span class='ocr_line' id='line_1_18' title="bbox 281 2494 1404 2583; baseline -0.001 -22"><span class='ocrx_word' id='word_1_105' title='bbox 281 2496 487 2579; x_wconf 82' lang='lat' dir='ltr'><em>significaret</em></span> <span class='ocrx_word' id='word_1_106' title='bbox 520 2497 660 2563; x_wconf 89' lang='lat' dir='ltr'><em>verbum</em></span> <span class='ocrx_word' id='word_1_107' title='bbox 694 2500 941 2581; x_wconf 69' lang='grc' dir='ltr'><strong><em>συνεκδέχεσθαι</em></strong></span> <span class='ocrx_word' id='word_1_108' title='bbox 980 2518 1094 2583; x_wconf 84' lang='lat' dir='ltr'><em>secum</em></span> <span class='ocrx_word' id='word_1_109' title='bbox 1127 2496 1308 2583; x_wconf 82' lang='lat' dir='ltr'><em>reputaret,</em></span> <span class='ocrx_word' id='word_1_110' title='bbox 1346 2494 1404 2561; x_wconf 92' lang='lat' dir='ltr'><em>illo</em></span> 
     </span>
     <span class='ocr_line' id='line_1_19' title="bbox 281 2600 1404 2689; baseline -0.001 -21"><span class='ocrx_word' id='word_1_111' title='bbox 281 2623 388 2669; x_wconf 85' lang='lat' dir='ltr'><em>errore</em></span> <span class='ocrx_word' id='word_1_112' title='bbox 411 2603 590 2689; x_wconf 80' lang='lat' dir='ltr'><em>implicitus</em></span> <span class='ocrx_word' id='word_1_113' title='bbox 607 2602 739 2669; x_wconf 79' lang='lat' dir='ltr'><em>videtur</em></span> <span class='ocrx_word' id='word_1_114' title='bbox 763 2600 1021 2686; x_wconf 83' lang='lat' dir='ltr'><em>esse:‘neglexit</em></span> <span class='ocrx_word' id='word_1_115' title='bbox 1041 2606 1156 2668; x_wconf 81' lang='lat' dir='ltr'><em>autem</em></span> <span class='ocrx_word' id='word_1_116' title='bbox 1180 2623 1229 2685; x_wconf 82' lang='lat' dir='ltr'><em>ea,</em></span> <span class='ocrx_word' id='word_1_117' title='bbox 1255 2622 1341 2687; x_wconf 86' lang='lat' dir='ltr'><em>quae</em></span> <span class='ocrx_word' id='word_1_118' title='bbox 1364 2605 1404 2667; x_wconf 86' lang='lat' dir='ltr'><em>ut</em></span> 
     </span>
     <span class='ocr_line' id='line_1_20' title="bbox 281 2706 1403 2794; baseline 0.001 -22"><span class='ocrx_word' id='word_1_119' title='bbox 281 2706 322 2775; x_wconf 91' lang='lat' dir='ltr'><em>de</em></span> <span class='ocrx_word' id='word_1_120' title='bbox 333 2708 397 2775; x_wconf 85' lang='lat' dir='ltr'><em>hee</em></span> <span class='ocrx_word' id='word_1_121' title='bbox 408 2713 513 2794; x_wconf 83' lang='lat' dir='ltr'><em>tropo,</em></span> <span class='ocrx_word' id='word_1_122' title='bbox 529 2710 576 2773; x_wconf 82' lang='lat' dir='ltr'><em>ite</em></span> <span class='ocrx_word' id='word_1_123' title='bbox 588 2708 628 2774; x_wconf 90' lang='lat' dir='ltr'><em>de</em></span> <span class='ocrx_word' id='word_1_124' title='bbox 642 2709 796 2775; x_wconf 84' lang='lat' dir='ltr'><em>omnibus</em></span> <span class='ocrx_word' id='word_1_125' title='bbox 807 2708 992 2775; x_wconf 82' lang='lat' dir='ltr'><em>docuerunt</em></span> <span class='ocrx_word' id='word_1_126' title='bbox 1005 2709 1100 2775; x_wconf 85' lang='lat' dir='ltr'><em>docti.</em></span> <span class='ocrx_word' id='word_1_127' title='bbox 1124 2708 1227 2774; x_wconf 87' lang='lat' dir='ltr'><em>Velut</em></span> <span class='ocrx_word' id='word_1_128' title='bbox 1239 2707 1403 2794; x_wconf 83' lang='lat' dir='ltr'>Trypho:</span> 
     </span>
     <span class='ocr_line' id='line_1_21' title="bbox 280 2815 1402 2899; baseline 0.002 -21"><span class='ocrx_word' id='word_1_129' title='bbox 280 2816 399 2898; x_wconf 82' lang='grc' dir='ltr'><em>τρόπος</em></span> <span class='ocrx_word' id='word_1_130' title='bbox 422 2817 510 2888; x_wconf 78' lang='grc' dir='ltr'><strong><em>ἐστίν,</em></strong></span> <span class='ocrx_word' id='word_1_131' title='bbox 534 2815 652 2899; x_wconf 76' lang='lat' dir='ltr'><em>inquil,</em></span> <span class='ocrx_word' id='word_1_132' title='bbox 676 2816 770 2896; x_wconf 82' lang='grc' dir='ltr'><em>λόγος</em></span> <span class='ocrx_word' id='word_1_133' title='bbox 793 2817 873 2879; x_wconf 85' lang='grc' dir='ltr'><strong><em>κατὰ</em></strong></span> <span class='ocrx_word' id='word_1_134' title='bbox 901 2816 1110 2899; x_wconf 83' lang='grc' dir='ltr'><strong><em>παρατροπὴν</em></strong></span> <span class='ocrx_word' id='word_1_135' title='bbox 1131 2822 1188 2880; x_wconf 86' lang='grc' dir='ltr'><em>τοῦ</em></span> <span class='ocrx_word' id='word_1_136' title='bbox 1215 2817 1329 2898; x_wconf 85' lang='grc' dir='ltr'><strong><em>κυρίου</em></strong></span> <span class='ocrx_word' id='word_1_137' title='bbox 1353 2816 1402 2880; x_wconf 74' lang='grc' dir='ltr'><em>λε-</em></span> 
     </span>
     <span class='ocr_line' id='line_1_22' title="bbox 282 2922 1402 3006; baseline 0.001 -20"><span class='ocrx_word' id='word_1_138' title='bbox 282 2923 418 3004; x_wconf 80' lang='grc' dir='ltr'><strong><em>γόμενος</em></strong></span> <span class='ocrx_word' id='word_1_139' title='bbox 432 2923 512 2985; x_wconf 86' lang='grc' dir='ltr'><strong><em>κατά</em></strong></span> <span class='ocrx_word' id='word_1_140' title='bbox 531 2944 593 2985; x_wconf 85' lang='grc' dir='ltr'><strong><em>τινα</em></strong></span> <span class='ocrx_word' id='word_1_141' title='bbox 610 2922 748 3004; x_wconf 77' lang='grc' dir='ltr'><em>δήλωσιν</em></span> <span class='ocrx_word' id='word_1_142' title='bbox 763 2925 984 3005; x_wconf 84' lang='grc' dir='ltr'><strong><em>κοσμιωτέραν</em></strong></span> <span class='ocrx_word' id='word_1_143' title='bbox 1006 2927 1026 3006; x_wconf 84' lang='grc' dir='ltr'><em>ἢ</em></span> <span class='ocrx_word' id='word_1_144' title='bbox 1042 2923 1122 2986; x_wconf 85' lang='grc' dir='ltr'><strong><em>κατὰ</em></strong></span> <span class='ocrx_word' id='word_1_145' title='bbox 1142 2922 1178 2987; x_wconf 87' lang='grc' dir='ltr'><em>τὸ</em></span> <span class='ocrx_word' id='word_1_146' title='bbox 1195 2924 1402 3005; x_wconf 54' lang='grc' dir='ltr'><strong><em>ἀναγκαῖονέ)</em></strong></span> 
     </span>
     <span class='ocr_line' id='line_1_23' title="bbox 282 3026 1402 3112; baseline 0.002 -19"><span class='ocrx_word' id='word_1_147' title='bbox 282 3027 388 3093; x_wconf 84' lang='lat' dir='ltr'><em>Simili</em></span> <span class='ocrx_word' id='word_1_148' title='bbox 400 3030 515 3094; x_wconf 84' lang='lat' dir='ltr'><em>eutem</em></span> <span class='ocrx_word' id='word_1_149' title='bbox 528 3026 719 3094; x_wconf 87' lang='lat' dir='ltr'><em>definitione</em></span> <span class='ocrx_word' id='word_1_150' title='bbox 735 3028 841 3093; x_wconf 78' lang='lat' dir='ltr'><em>utitur</em></span> <span class='ocrx_word' id='word_1_151' title='bbox 854 3026 1066 3111; x_wconf 83' lang='lat' dir='ltr'>Gregorius</span> <span class='ocrx_word' id='word_1_152' title='bbox 1083 3028 1402 3112; x_wconf 69' lang='lat' dir='ltr'><em>Corinthiacus‚2)</em></span> 
     </span>
     <span class='ocr_line' id='line_1_24' title="bbox 282 3133 1404 3221; baseline 0 -21"><span class='ocrx_word' id='word_1_153' title='bbox 282 3135 339 3220; x_wconf 85' lang='lat' dir='ltr'><em>qui</em></span> <span class='ocrx_word' id='word_1_154' title='bbox 361 3137 479 3217; x_wconf 81' lang='grc' dir='ltr'><strong><em>τρόπος</em></strong></span> <span class='ocrx_word' id='word_1_155' title='bbox 502 3136 591 3208; x_wconf 74' lang='grc' dir='ltr'><strong><em>ἐστίν,</em></strong></span> <span class='ocrx_word' id='word_1_156' title='bbox 621 3133 739 3219; x_wconf 76' lang='lat' dir='ltr'><em>inquii,</em></span> <span class='ocrx_word' id='word_1_157' title='bbox 771 3138 888 3209; x_wconf 78' lang='grc' dir='ltr'><strong><em>λέξεως</em></strong></span> <span class='ocrx_word' id='word_1_158' title='bbox 912 3139 1028 3220; x_wconf 86' lang='grc' dir='ltr'><strong><em>φράσις</em></strong></span> <span class='ocrx_word' id='word_1_159' title='bbox 1051 3140 1086 3201; x_wconf 80' lang='grc' dir='ltr'><em>ἐκ</em></span> <span class='ocrx_word' id='word_1_160' title='bbox 1110 3144 1165 3221; x_wconf 83' lang='grc' dir='ltr'><em>τῆς</em></span> <span class='ocrx_word' id='word_1_161' title='bbox 1187 3139 1265 3202; x_wconf 73' lang='grc' dir='ltr'><em>καθ’</em></span> <span class='ocrx_word' id='word_1_162' title='bbox 1287 3137 1404 3221; x_wconf 80' lang='grc' dir='ltr'><strong><em>ἑαυτὴν</em></strong></span> 
     </span>
     <span class='ocr_line' id='line_1_25' title="bbox 282 3242 1403 3328; baseline 0.001 -22"><span class='ocrx_word' id='word_1_163' title='bbox 282 3244 434 3308; x_wconf 83' lang='grc' dir='ltr'><strong><em>ὁπωσοῦν</em></strong></span> <span class='ocrx_word' id='word_1_164' title='bbox 446 3243 599 3326; x_wconf 78' lang='grc' dir='ltr'><strong><em>ἰδιότητος</em></strong></span> <span class='ocrx_word' id='word_1_165' title='bbox 614 3242 815 3326; x_wconf 82' lang='grc' dir='ltr'><strong><em>μετατροπὴν</em></strong></span> <span class='ocrx_word' id='word_1_166' title='bbox 827 3243 983 3327; x_wconf 75' lang='grc' dir='ltr'><strong><em>εἰληφυῖα,</em></strong></span> <span class='ocrx_word' id='word_1_167' title='bbox 1001 3244 1050 3308; x_wconf 78' lang='grc' dir='ltr'><em>διὸ</em></span> <span class='ocrx_word' id='word_1_168' title='bbox 1062 3246 1116 3307; x_wconf 85' lang='grc' dir='ltr'><em>καὶ</em></span> <span class='ocrx_word' id='word_1_169' title='bbox 1126 3245 1246 3328; x_wconf 80' lang='grc' dir='ltr'><strong><em>τρόπος</em></strong></span> <span class='ocrx_word' id='word_1_170' title='bbox 1257 3247 1403 3317; x_wconf 81' lang='grc' dir='ltr'><strong><em>καλεῖται,</em></strong></span> 
     </span>
     <span class='ocr_line' id='line_1_26' title="bbox 281 3349 1402 3435; baseline 0.003 -23"><span class='ocrx_word' id='word_1_171' title='bbox 281 3351 487 3434; x_wconf 77' lang='grc' dir='ltr'><strong><em>παρείληπται</em></strong></span> <span class='ocrx_word' id='word_1_172' title='bbox 511 3349 545 3414; x_wconf 75' lang='lat' dir='ltr'><em>ii</em></span> <span class='ocrx_word' id='word_1_173' title='bbox 568 3352 636 3432; x_wconf 78' lang='grc' dir='ltr'><strong><em>ἤτοι</em></strong></span> <span class='ocrx_word' id='word_1_174' title='bbox 659 3351 767 3432; x_wconf 89' lang='grc' dir='ltr'><strong><em>χρείας</em></strong></span> <span class='ocrx_word' id='word_1_175' title='bbox 789 3351 882 3415; x_wconf 81' lang='grc' dir='ltr'><strong><em>ἕνεκα</em></strong></span> <span class='ocrx_word' id='word_1_176' title='bbox 907 3353 927 3433; x_wconf 78' lang='grc' dir='ltr'>ἤ</span> <span class='ocrx_word' id='word_1_177' title='bbox 950 3351 1077 3433; x_wconf 83' lang='grc' dir='ltr'><strong><em>κόσμου</em></strong></span> <span class='ocrx_word' id='word_1_178' title='bbox 1100 3352 1172 3432; x_wconf 83' lang='grc' dir='ltr'><strong><em>περὶ</em></strong></span> <span class='ocrx_word' id='word_1_179' title='bbox 1195 3352 1252 3435; x_wconf 82' lang='grc' dir='ltr'><em>τὴν</em></span> <span class='ocrx_word' id='word_1_180' title='bbox 1276 3352 1402 3434; x_wconf 84' lang='grc' dir='ltr'><strong><em>φράσιν.</em></strong></span> 
     </span>
     <span class='ocr_line' id='line_1_27' title="bbox 282 3454 1401 3541; baseline 0 -21"><span class='ocrx_word' id='word_1_181' title='bbox 282 3454 330 3522; x_wconf 88' lang='lat' dir='ltr'><em>Ae</em></span> <span class='ocrx_word' id='word_1_182' title='bbox 353 3455 659 3535; x_wconf 76' lang='lat' dir='ltr'><em>Quintilianus</em></span> <span class='ocrx_word' id='word_1_183' title='bbox 684 3456 800 3522; x_wconf 88' lang='lat' dir='ltr'><em>eodem</em></span> <span class='ocrx_word' id='word_1_184' title='bbox 823 3455 893 3522; x_wconf 84' lang='lat' dir='ltr'><em>lere</em></span> <span class='ocrx_word' id='word_1_185' title='bbox 922 3456 1019 3522; x_wconf 90' lang='lat' dir='ltr'><em>modo</em></span> <span class='ocrx_word' id='word_1_186' title='bbox 1043 3458 1177 3541; x_wconf 86' lang='lat' dir='ltr'><em>tropum</em></span> <span class='ocrx_word' id='word_1_187' title='bbox 1200 3456 1320 3521; x_wconf 87' lang='lat' dir='ltr'><em>definit</em></span> <span class='ocrx_word' id='word_1_188' title='bbox 1342 3457 1401 3536; x_wconf 85' lang='lat' dir='ltr'><em>ite,</em></span> 
     </span>
     <span class='ocr_line' id='line_1_28' title="bbox 281 3561 1402 3648; baseline -0.001 -22"><span class='ocrx_word' id='word_1_189' title='bbox 281 3564 321 3626; x_wconf 88' lang='lat' dir='ltr'><em>ul</em></span> <span class='ocrx_word' id='word_1_190' title='bbox 351 3561 440 3629; x_wconf 84' lang='lat' dir='ltr'><em>dieat</em></span> <span class='ocrx_word' id='word_1_191' title='bbox 470 3583 547 3628; x_wconf 90' lang='lat' dir='ltr'><em>eum</em></span> <span class='ocrx_word' id='word_1_192' title='bbox 570 3566 655 3629; x_wconf 84' lang='lat' dir='ltr'><em>‘esse</em></span> <span class='ocrx_word' id='word_1_193' title='bbox 686 3563 780 3630; x_wconf 88' lang='lat' dir='ltr'><em>verbi</em></span> <span class='ocrx_word' id='word_1_194' title='bbox 810 3562 865 3628; x_wconf 88' lang='lat' dir='ltr'><em>vel</em></span> <span class='ocrx_word' id='word_1_195' title='bbox 893 3563 1054 3629; x_wconf 82' lang='lat' dir='ltr'><em>sermonis</em></span> <span class='ocrx_word' id='word_1_196' title='bbox 1086 3584 1106 3628; x_wconf 85' lang='lat' dir='ltr'>a</span> <span class='ocrx_word' id='word_1_197' title='bbox 1136 3563 1269 3648; x_wconf 83' lang='lat' dir='ltr'><em>proprie</em></span> <span class='ocrx_word' id='word_1_198' title='bbox 1298 3562 1402 3643; x_wconf 82' lang='lat' dir='ltr'><em>signi-</em></span> 
     </span>
     <span class='ocr_line' id='line_1_29' title="bbox 281 3666 1403 3751; baseline -0.001 -18"><span class='ocrx_word' id='word_1_199' title='bbox 281 3667 440 3734; x_wconf 80' lang='lat' dir='ltr'><em>ficatione</em></span> <span class='ocrx_word' id='word_1_200' title='bbox 471 3670 506 3734; x_wconf 95' lang='lat' dir='ltr'><em>in</em></span> <span class='ocrx_word' id='word_1_201' title='bbox 537 3669 637 3736; x_wconf 82' lang='lat' dir='ltr'><em>eliam</em></span> <span class='ocrx_word' id='word_1_202' title='bbox 669 3691 744 3736; x_wconf 88' lang='lat' dir='ltr'><em>eum</em></span> <span class='ocrx_word' id='word_1_203' title='bbox 768 3671 892 3736; x_wconf 88' lang='lat' dir='ltr'><em>virtute</em></span> <span class='ocrx_word' id='word_1_204' title='bbox 921 3671 1187 3751; x_wconf 77' lang='lat' dir='ltr'><em>mutationem’.³)</em></span> <span class='ocrx_word' id='word_1_205' title='bbox 1233 3666 1403 3733; x_wconf 84' lang='lat' dir='ltr'><em>Meliorem</em></span> 
     </span>
     <span class='ocr_line' id='line_1_30' title="bbox 282 3773 1404 3862; baseline 0.001 -23"><span class='ocrx_word' id='word_1_206' title='bbox 282 3775 397 3839; x_wconf 81' lang='lat' dir='ltr'><em>eutem</em></span> <span class='ocrx_word' id='word_1_207' title='bbox 428 3773 658 3841; x_wconf 88' lang='lat' dir='ltr'><em>definitionem</em></span> <span class='ocrx_word' id='word_1_208' title='bbox 690 3778 814 3862; x_wconf 81' lang='lat' dir='ltr'><em>profert</em></span> <span class='ocrx_word' id='word_1_209' title='bbox 845 3775 1087 3861; x_wconf 62' lang='lat' dir='ltr'><em>cheriem,</em></span> <span class='ocrx_word' id='word_1_210' title='bbox 1123 3775 1180 3861; x_wconf 88' lang='lat' dir='ltr'><em>qui</em></span> <span class='ocrx_word' id='word_1_211' title='bbox 1215 3782 1323 3852; x_wconf 70' lang='lat' dir='ltr'><em>tronus</em></span> <span class='ocrx_word' id='word_1_212' title='bbox 1357 3781 1404 3840; x_wconf 84' lang='lat' dir='ltr'><em>est</em></span> 
     </span>
     <span class='ocr_line' id='line_1_31' title="bbox 281 3880 1401 3970; baseline 0 -24"><span class='ocrx_word' id='word_1_213' title='bbox 281 3880 387 3964; x_wconf 78' lang='lat' dir='ltr'><em>dictio,</em></span> <span class='ocrx_word' id='word_1_214' title='bbox 410 3880 529 3965; x_wconf 81' lang='lat' dir='ltr'><em>inquit,</em></span> <span class='ocrx_word' id='word_1_215' title='bbox 554 3884 712 3950; x_wconf 72' lang='lat' dir='ltr'><em>translato</em></span> <span class='ocrx_word' id='word_1_216' title='bbox 735 3886 908 3968; x_wconf 76' lang='lat' dir='ltr'><em>apropiin</em></span> <span class='ocrx_word' id='word_1_217' title='bbox 923 3885 1156 3970; x_wconf 73' lang='lat' dir='ltr'><em>sionilieotione</em></span> <span class='ocrx_word' id='word_1_218' title='bbox 1179 3885 1222 3949; x_wconf 75' lang='lat' dir='ltr'><em>eil</em></span> <span class='ocrx_word' id='word_1_219' title='bbox 1241 3903 1308 3947; x_wconf 92' lang='lat' dir='ltr'><em>non</em></span> <span class='ocrx_word' id='word_1_220' title='bbox 1325 3904 1401 3966; x_wconf 79' lang='lat' dir='ltr'><em>pro-</em></span> 
     </span>
     <span class='ocr_line' id='line_1_32' title="bbox 276 3986 1402 4075; baseline 0.001 -24"><span class='ocrx_word' id='word_1_221' title='bbox 276 3988 389 4072; x_wconf 74' lang='lat' dir='ltr'><em>priane</em></span> <span class='ocrx_word' id='word_1_222' title='bbox 408 4010 467 4070; x_wconf 81' lang='lat' dir='ltr'><em>pei</em></span> <span class='ocrx_word' id='word_1_223' title='bbox 489 3989 733 4057; x_wconf 79' lang='lat' dir='ltr'><em>similitnclinein</em></span> <span class='ocrx_word' id='word_1_224' title='bbox 755 3991 951 4057; x_wconf 77' lang='lat' dir='ltr'><em>necessitatis</em></span> <span class='ocrx_word' id='word_1_225' title='bbox 974 3997 1033 4057; x_wconf 86' lang='lat' dir='ltr'><em>ont</em></span> <span class='ocrx_word' id='word_1_226' title='bbox 1060 3993 1162 4058; x_wconf 80' lang='lat' dir='ltr'><em>celliis</em></span> <span class='ocrx_word' id='word_1_227' title='bbox 1186 3990 1328 4075; x_wconf 57' lang='lat' dir='ltr'><em>ointief)</em></span> <span class='ocrx_word' id='word_1_228' title='bbox 1374 3986 1402 4052; x_wconf 81' lang='grc' dir='ltr'>Ε</span> 
     </span>
    </p>
   </div>
   <div class='ocr_carea' id='block_1_3' title="bbox 297 4164 888 4503">
    <p class='ocr_par' dir='ltr' id='par_1_5' title="bbox 371 4164 879 4414">
     <span class='ocr_line' id='line_1_33' title="bbox 371 4164 879 4236; baseline 0.004 -17"><span class='ocrx_word' id='word_1_229' title='bbox 371 4164 391 4233; x_wconf 69' lang='lat'><em>¹)</em></span> <span class='ocrx_word' id='word_1_230' title='bbox 410 4165 584 4235; x_wconf 79' lang='lat' dir='ltr'><em>Spengel</em></span> <span class='ocrx_word' id='word_1_231' title='bbox 603 4165 879 4236; x_wconf 78' lang='lat' dir='ltr'><em>1.s.s.111pg.191.</em></span> 
     </span>
     <span class='ocr_line' id='line_1_34' title="bbox 371 4253 618 4325; baseline 0.004 -17"><span class='ocrx_word' id='word_1_232' title='bbox 371 4253 392 4324; x_wconf 74' lang='lat'><em>²)</em></span> <span class='ocrx_word' id='word_1_233' title='bbox 411 4253 478 4309; x_wconf 83' lang='lat' dir='ltr'><em>ibid.</em></span> <span class='ocrx_word' id='word_1_234' title='bbox 498 4270 545 4325; x_wconf 85' lang='lat' dir='ltr'><em>pg.</em></span> <span class='ocrx_word' id='word_1_235' title='bbox 557 4254 618 4309; x_wconf 82' lang='lat'>215.</span> 
     </span>
     <span class='ocr_line' id='line_1_35' title="bbox 371 4342 668 4414; baseline 0.007 -17"><span class='ocrx_word' id='word_1_236' title='bbox 371 4343 390 4414; x_wconf 53' lang='grc' dir='ltr'><em>ὅ)</em></span> <span class='ocrx_word' id='word_1_237' title='bbox 410 4342 441 4400; x_wconf 87' lang='lat' dir='ltr'><em>L.</em></span> <span class='ocrx_word' id='word_1_238' title='bbox 455 4360 477 4398; x_wconf 89' lang='lat' dir='ltr'><em>s.</em></span> <span class='ocrx_word' id='word_1_239' title='bbox 490 4360 512 4399; x_wconf 83' lang='lat' dir='ltr'><em>e.</em></span> <span class='ocrx_word' id='word_1_240' title='bbox 526 4343 589 4398; x_wconf 90' lang='lat' dir='ltr'>VIII</span> <span class='ocrx_word' id='word_1_241' title='bbox 607 4342 632 4410; x_wconf 85' lang='grc'><em>6,</em></span> <span class='ocrx_word' id='word_1_242' title='bbox 645 4343 668 4399; x_wconf 92' lang='grc'><em>1.</em></span> 
     </span>
    </p>

    <p class='ocr_par' dir='ltr' id='par_1_6' title="bbox 297 4432 888 4503">
     <span class='ocr_line' id='line_1_36' title="bbox 297 4432 888 4503; baseline 0.002 -16"><span class='ocrx_word' id='word_1_243' title='bbox 297 4444 300 4450; x_wconf 86' lang='lat'>&#39;</span> <span class='ocrx_word' id='word_1_244' title='bbox 369 4432 391 4503; x_wconf 68' lang='grc'><em>4)</em></span> <span class='ocrx_word' id='word_1_245' title='bbox 409 4432 510 4499; x_wconf 86' lang='lat' dir='ltr'><em>Keil,</em></span> <span class='ocrx_word' id='word_1_246' title='bbox 529 4448 646 4502; x_wconf 82' lang='lat' dir='ltr'><em>gramm.</em></span> <span class='ocrx_word' id='word_1_247' title='bbox 659 4433 748 4488; x_wconf 71' lang='lat' dir='ltr'><em>hail</em></span> <span class='ocrx_word' id='word_1_248' title='bbox 766 4449 813 4503; x_wconf 84' lang='lat' dir='ltr'><em>pg.</em></span> <span class='ocrx_word' id='word_1_249' title='bbox 826 4433 888 4488; x_wconf 79' lang='lat'><strong>272.</strong></span> 
     </span>
    </p>
   </div>
   <div class='ocr_carea' id='block_1_4' title="bbox 0 0 1809 5334">
    <p class='ocr_par' dir='ltr' id='par_1_7' title="bbox 0 0 1809 5334">
     <span class='ocr_line' id='line_1_37' title="bbox 0 0 1809 5334; baseline 0 0"><span class='ocrx_word' id='word_1_250' title='bbox 0 0 1809 5334; x_wconf 95' lang='lat' dir='ltr'><em> </em></span> 
     </span>
    </p>
   </div>
  </div>
 </body>
</html>
