3600 5334
763 602 987 666 ,21-

313 780 494 862 nasseual)
526 777 675 860 (liberast)
704 776 931 859 Quintilianus
940 780 962 860 ⁸)
993 776 1082 843 hano
1112 775 1242 843 dicendi
1272 778 1436 843 rationem

315 884 357 951 ad
373 883 619 971 synecdochem
642 883 799 951 referunt.
837 884 908 950 Nec
930 887 1046 950 tamen
1068 884 1104 949 hi
1126 904 1244 950 veram
1265 886 1436 971 troporum

314 995 470 1059 naturam
494 990 740 1058 intellexerunt.
774 991 861 1058 Nam
884 991 974 1057 inest
996 992 1031 1056 in
1054 990 1120 1056 illis
1143 990 1298 1057 omnibus
1321 991 1435 1074 singu-

313 1097 439 1165 laribus
463 1098 634 1165 sententia
655 1097 823 1184 quaedam
838 1096 1029 1165 'collectiva
1065 1083 1293 1179 Quibuscum
1315 1100 1436 1184 podtac

313 1206 466 1289 utuntur,
490 1225 684 1291 quanquam
708 1206 815 1289 magis
844 1206 1039 1291 exprimitur
1066 1205 1183 1289 oratio,
1211 1207 1328 1271 tamen
1351 1202 1435 1270 adeo

315 1310 521 1378 desideratur
543 1312 660 1394 virtue,
692 1315 733 1378 ut
758 1311 794 1378 in
821 1311 862 1378 iis
893 1312 1138 1397 nequicquam
1162 1310 1295 1397 quidem
1319 1310 1437 1396 tropici

314 1419 444 1502 generis
460 1420 673 1506 reperiamus.
711 1418 875 1484 Usitatior
895 1421 1012 1484 autem
1036 1420 1089 1484 est
1112 1417 1176 1483 illis
1192 1439 1293 1503 quam
1317 1417 1435 1484 ceteris

315 1525 529 1611 scriptoribus
551 1524 605 1591 hic
628 1524 815 1607 singularIs.
854 1524 918 1605 Qui
941 1544 1018 1589 eum
1040 1528 1207 1610 usurpant
1233 1545 1273 1590 ac
1295 1526 1437 1610 primum

315 1629 457 1717 quidem,
481 1635 522 1697 ut
545 1650 644 1696 suum
667 1649 854 1695 sermonem
878 1627 1088 1712 distinguant
1111 1650 1132 1695 a
1154 1649 1253 1715 prosa
1277 1630 1435 1711 oratione,

315 1734 434 1802 deinde
476 1734 655 1817 interdum,
696 1733 785 1820 quod
820 1737 983 1818 coguntur
1017 1736 1203 1822 praeceptis
1237 1735 1437 1820 quibusdam

315 1841 494 1925 metricisfi)
535 1842 627 1923 Quae
649 1840 761 1928 qualia
784 1842 853 1907 sint
876 1862 979 1927 supra
1002 1842 1182 1908 docuimus.
1220 1842 1325 1907 Inseri
1348 1842 1437 1908 enim

314 1950 460 2034 possunt
483 1948 595 2034 aptius
618 1947 733 2014 versui
754 1948 856 2015 heroo
883 1949 1046 2015 nonnulla
1068 1948 1180 2032 verba,
1211 1970 1287 2014 cum
1310 1949 1345 2014 in
1368 1948 1437 2014 sin·

314 2054 422 2137 gulari
440 2059 611 2142 ponuntur
627 2076 728 2141 quarn
751 2056 786 2121 in
808 2054 940 2143 plurali:
965 2055 1104 2123 dicimus
1119 2055 1353 2123 tantummodo
1377 2080 1436 2124 ou·

314 2184 429 2247 corum,
453 2162 548 2229 ouius
571 2161 750 2246 singularis
773 2161 911 2228 elisione
935 2184 1003 2229 non
1027 2184 1196 2247 concessa,
1220 2166 1259 2230 ut
1282 2164 1436 2230 omittam

312 2268 560 2336 nominativum
575 2291 705 2352 cucero,
730 2268 773 2335 ad
788 2290 925 2336 versum
941 2269 1142 2357 dactylicum
1165 2291 1234 2336 non
1249 2268 1438 2336 admittitur

314 2376 349 2440 et
364 2375 458 2441 euius
473 2374 611 2461 pluralis
628 2376 671 2441 ab
688 2374 805 2442 codem
820 2377 980 2443 abhorret
995 2379 1122 2459 totus.⁶l
1158 2375 1250 2455 Quae
1267 2376 1438 2442 sententia

313 2478 366 2546 his
389 2483 621 2568 comprobetur
643 2481 739 2548 Mart.
761 2482 830 2564 (VII
853 2484 945 2566 36‚3
969 2486 1005 2549 et
1028 2484 1058 2566 4)
1066 2485 1088 2566 ⁶)

473 2608 635 2689 Plurima,
659 2628 741 2689 quoe
758 2615 866 2692 posset
887 2608 1007 2675 sortitos
1030 2607 1194 2692 cffuudcrc
1218 2608 1350 2692 uuubor,

473 2712 668 2778 Muneribus
691 2715 779 2780 ecurt
801 2714 907 2798 tepula
929 2713 1028 2778 missu
1052 2714 1122 2778 tuis.

315 2832 467 2900 conferas
490 2853 586 2918 porro
616 2833 701 2899 haec
725 2833 829 2914 (Mart.
846 2833 877 2899 V
893 2835 946 2919 69,
960 2835 1004 2917 bl:
1033 2836 1162 2921 Impius
1183 2837 1321 2919 iufoudo
1348 2840 1436 2906 molor

314 2940 532 3024 corrumpitur
568 2961 649 3006 uuro
681 2960 759 3005 nam
792 2939 938 3006 ‘mssites'
970 2942 1083 3008 versui
1118 2940 1282 3030 dactylico
1313 2964 1434 3030 repug-

313 3048 419 3112 naret.

403 3152 640 3235 Adiunguntur
670 3151 745 3236 alia,
777 3173 864 3238 quae
894 3154 969 3240 ipsa
992 3177 1124 3242 quoque
1152 3177 1170 3222 e
1194 3157 1345 3224 Martiale
1374 3179 1434 3224 ex·

315 3260 495 3345 eerpsimus
512 3259 582 3342 (VII
597 3261 628 3344 5,
646 3261 690 3343 6):
715 3261 863 3328 burburus
887 3269 916 3329 et
938 3263 1070 3345 finitum
1092 3262 1176 3343 (XIII
1190 3265 1257 3348 73):
1278 3268 1344 3350 ipse
1359 3289 1436 3345 suus

313 3389 483 3452 uuuquoru
506 3369 656 3434 boronus
679 3371 744 3436 edu
766 3391 853 3452 uves3
878 3368 962 3450 (VIII
978 3370 1031 3452 68,
1049 3370 1093 3453 8):
1117 3372 1246 3437 cuam
1267 3373 1305 3438 iu
1327 3374 1435 3439 ur'tr'du

313 3476 358 3541 sr'o
387 3483 581 3543 uuuerotur
608 3497 707 3559 oquu3
736 3476 790 3557 (Vl
814 3475 866 3560 75,
883 3476 927 3558 2l:
958 3478 1023 3543 sire
1044 3476 1153 3558 femur
1176 3479 1302 3561 loporr'33
1325 3498 1434 3563 neque

314 3579 403 3646 enim
426 3584 543 3667 aptum
567 3585 620 3648 est
633 3583 766 3665 frutra
786 3584 899 3648 versui
923 3581 1095 3669 dactylico.

403 3793 422 3859 1)
439 3810 499 3863 περ.
513 3796 581 3845 (dorm
598 3790 684 3862 ἶδιωμ.
703 3810 749 3865 pg.
762 3795 824 3851 798.

403 3880 423 3950 2)
442 3879 484 3933 De
503 3884 573 3935 orat.
587 3881 626 3935 III
640 3882 699 3937 168.

403 3968 423 4039 ³)
440 3968 504 4022 VIII
521 3970 547 4036 6,
559 3968 603 4025 20.

402 4057 423 4127 ⁴)
444 4058 499 4114 Cir.
508 4057 539 4111 Ε.
553 4057 577 4112 H
588 4058 680 4112 aeIn
691 4075 742 4125 er,
754 4060 807 4114 Die
818 4060 1009 4130 lIIgennamen
1023 4061 1068 4115 bei
1082 4061 1136 4116 dan
1145 4060 1332 4117 lateinischen
1341 4063 1433 4118 Hexa-

313 4146 465 4200 metrikern
484 4145 634 4216 (Mimobcn
654 4146 732 4218 1895)
752 4164 798 4218 pg.
811 4150 837 4205 3.

402 4235 421 4304 ὅ)
441 4233 495 4290 cfr.
514 4234 686 4301 Norden,
706 4237 812 4292 Oomm.
825 4238 854 4292 in
867 4238 905 4293 VI
924 4237 942 4291 1.
955 4239 1025 4293 Aen.
1044 4254 1090 4309 pg.
1105 4239 1165 4296 113.

402 4323 422 4390 ⁰)
443 4324 609 4395 Quanquam
633 4325 661 4378 in
681 4326 822 4381 adieetivo
842 4327 966 4397 plurimo
986 4327 1067 4382 notio
1092 4327 1234 4399 plurative
1252 4329 1334 4395 inest,
1360 4345 1433 4400 quae

312 4411 367 4466 nisi
386 4413 512 4467 obstaret
530 4417 659 4479 metrum,
679 4414 805 4484 exigeret
822 4415 967 4486 pluralem.
