3600 5334
801 1529 890 1630 Gap.
917 1530 940 1610 Ι.

835 1691 853 1772 p
880 1690 907 1753 1.

399 1814 473 1894 Qua
494 1814 624 1879 ratione
639 1816 819 1899 praecepta
841 1811 1012 1878 rhetorum
1028 1810 1231 1893 cohaereant
1253 1833 1328 1877 oum
1351 1812 1433 1898 ipsis

306 1918 410 2005 libris,
444 1941 527 2006 quos
564 1919 693 2005 antiqui
723 1917 938 2004 reliquerunt,
975 1917 1027 1982 his
1060 1916 1194 1983 demum
1228 1917 1432 2004 temporibus

310 2026 398 2093 dooti
422 2025 590 2092 subtiliter
612 2026 848 2091 disseruerunt.
896 2025 1005 2104 Quam
1028 2026 1261 2109 quaestionem
1287 2026 1432 2090 tractare

310 2153 429 2223 operae
459 2133 604 2218 pretium
635 2153 710 2198 esse
739 2131 832 2196 haud
862 2130 960 2197 facile
989 2131 1167 2217 quisquam
1197 2130 1343 2213 negabit,
1376 2131 1433 2216 qui

306 2240 434 2321 oogitet
464 2241 571 2305 artem
601 2237 811 2320 rhetoricam,
848 2239 887 2302 ut
918 2237 968 2303 ita
999 2237 1159 2321 dieamus,
1192 2236 1361 2303 dominam
1392 2258 1432 2302 ae

309 2346 459 2428 reginam
491 2345 579 2411 inter
609 2348 739 2411 ceteras
770 2343 853 2411 adeo
887 2344 1042 2410 floruisse
1073 2343 1163 2429 apud
1195 2343 1361 2429 antiquos
1393 2345 1434 2408 ut

307 2472 530 2538 quaeeunque
558 2450 711 2534 legerunt
733 2450 787 2519 vel
815 2450 1001 2516 didicerunt
1023 2449 1078 2516 vel
1102 2447 1256 2515 meditati
1284 2457 1362 2514 sunt
1389 2448 1432 2514 ad

308 2557 400 2624 illam
426 2557 597 2625 referrent.
642 2556 776 2623 Etenim
803 2557 873 2623 fieri
904 2578 973 2623 non
1000 2555 1120 2642 potuit,
1153 2556 1232 2641 quin
1259 2554 1325 2638 illa,
1357 2576 1433 2621 oum

307 2667 485 2750 tantopere
508 2664 596 2730 inter
619 2666 747 2731 eeteras
771 2662 963 2750 disciplinas
987 2663 1157 2743 emineret,
1183 2683 1340 2745 magnam
1362 2661 1431 2727 vim

307 2790 385 2835 eum
403 2769 446 2836 ad
462 2771 648 2835 orationem
664 2770 810 2835 cuiusvis
827 2769 967 2852 generis
992 2771 1066 2834 tum
1082 2767 1125 2835 ad
1140 2768 1266 2855 poesim
1282 2769 1431 2834 haberet.

308 2875 419 2956 Quam
443 2876 485 2942 ob
508 2896 579 2941 rem
601 2876 700 2962 pauoi
715 2874 853 2942 luerunt
876 2895 944 2941 non
961 2875 1068 2941 solum
1088 2876 1177 2941 inter
1193 2873 1347 2955 Graecos
1373 2874 1431 2941 sed

307 2983 414 3048 etiam
430 2981 601 3048 Romanos
625 2987 664 3049 ut
685 3002 796 3048 rerum
819 2984 994 3068 scriptores
1017 2983 1067 3048 ita
1088 2984 1218 3068 poetae,
1244 2982 1300 3067 qui
1322 3001 1431 3068 neque

310 3090 480 3155 rhetorum
491 3087 665 3174 disciplina
676 3087 906 3154 imbuerentur
917 3110 1028 3175 neque
1039 3089 1295 3155 instituerentur
1307 3087 1432 3154 forensi

308 3198 407 3279 usui)

400 3301 466 3369 Sed
497 3303 526 3367 si
558 3302 632 3388 quis
662 3301 752 3367 hune
779 3299 835 3366 vel
865 3300 959 3366 illum
989 3303 1124 3387 poetam
1155 3301 1301 3385 elegerit,
1337 3300 1431 3367 ouius

305 3412 423 3495 tropos
451 3408 506 3474 vol
537 3430 653 3475 omnes
681 3407 736 3474 vel
766 3406 916 3491 singulos
945 3408 1103 3493 excutiat,
1132 3407 1229 3474 laoile
1259 3407 1433 3491 intelleget

307 3515 573 3602 disputationem
597 3537 695 3581 suam
717 3515 837 3581 idoneo
857 3515 1077 3581 fundamento
1099 3536 1218 3581 carere.
1256 3514 1344 3580 Nam
1367 3515 1432 3579 etsi

311 3621 467 3707 permulti
489 3622 552 3687 viri
576 3622 664 3688 doeti
688 3625 723 3688 et
743 3622 958 3707 antiquorum
978 3624 1166 3708 temporum
1190 3624 1225 3687 et
1239 3620 1431 3687 recentioris

312 3730 435 3794 aetatis
466 3727 506 3793 de
536 3730 641 3815 tropis
672 3727 910 3813 disseruerunt,
941 3729 1056 3794 tamen
1086 3748 1196 3814 neque
1227 3728 1262 3791 in
1292 3746 1430 3791 numero

402 3992 420 4059 ¹)
440 3991 494 4046 efr.
505 3991 654 4059 Norden,
668 3992 720 4047 Die
730 3993 827 4047 antibo
836 3993 1025 4064 Kunstprosa,
1038 3992 1153 4063 Leipzig
1164 3992 1241 4059 1898,
1255 3992 1310 4047 vol.
1320 3991 1333 4046 I
1345 4007 1390 4063 pg.
1400 3992 1430 4047 9:

312 4080 365 4134 Die
383 4079 522 4135 Rhetorik
540 4081 648 4135 konnte
671 4080 717 4135 bei
740 4081 789 4134 der
808 4082 952 4136 zentralen
972 4082 1108 4151 Stellung,
1134 4082 1180 4136 die
1198 4082 1240 4136 sie
1258 4081 1296 4135 im
1315 4080 1431 4135 antiken

307 4166 429 4223 'Denken
456 4168 514 4223 und
540 4169 669 4224 Handeln
696 4169 838 4236 einnahm,
866 4169 947 4224 nieht
971 4171 1145 4225 besebrinkt
1171 4171 1281 4225 bleiben
1309 4169 1361 4224 aul
1388 4168 1432 4222 die

309 4257 464 4327 eigentlieb
487 4258 679 4328 gesproehene
697 4257 783 4324 Rode,
812 4258 934 4312 sondern
958 4259 1010 4312 mit
1027 4258 1256 4328 Notwendigkeit
1278 4258 1433 4313 eretreekto

310 4345 352 4399 sie
370 4346 409 4400 im
421 4345 511 4400 Lause
530 4346 579 4400 der
591 4345 652 4400 Zeit
669 4345 749 4401 ihren
761 4347 874 4401 Einlluss
894 4347 946 4401 aul
960 4346 1015 4401 alle
1027 4348 1336 4417 Literaturgattungen,
1356 4347 1433 4401 auch

305 4433 364 4488 auf
382 4434 427 4489 die
445 4434 554 4490 Poesie.
592 4434 663 4488 Vide
681 4439 829 4505 praeterea
847 4436 903 4491 vol.
916 4437 941 4489 ΙΙ
958 4453 1004 4506 pg.
1017 4436 1078 4490 883.

707 4720 977 4839 ffidli'ffi
