3600 5334
746 629 969 694 -43-

297 826 412 873 omnes
445 805 619 873 cuiusdam
650 806 780 889 generis
810 805 903 872 nullo
934 803 1070 872 consilio
1094 803 1419 891 comprehenduntur

297 934 337 980 ac
360 914 423 979 sub
446 934 514 979 uno
539 912 723 998 codemque
746 916 886 998 aspectu
909 913 1088 999 ponuntur,
1111 911 1222 978 clucet
1245 931 1309 976 nos
1325 910 1416 976 iniis

298 1020 454 1086 omnibus
478 1018 723 1106 synecdochem
746 1019 951 1085 constituere
974 1038 1081 1105 posse.

385 1126 471 1193 Tum
500 1124 568 1208 illa,
592 1127 632 1192 ut
659 1124 754 1192 Mart.
771 1125 898 1209 124,3:
923 1127 979 1209 qai
1001 1127 1142 1210 loquitar
1167 1125 1285 1194 Garios
1308 1127 1417 1192 adser-

297 1241 438 1318 toresque
471 1234 629 1313 Camillos,
660 1232 680 1297 i.
705 1252 731 1298 a.
755 1231 813 1318 qui
836 1231 916 1298 dicit
939 1231 980 1298 de
1004 1231 1211 1298 continentia
1234 1251 1414 1317 eorumque

295 1337 501 1422 fortitudine,
533 1337 695 1424 siquidem
727 1339 846 1425 poetas
877 1360 936 1403 aas
968 1339 1109 1405 virtutes
1140 1337 1226 1404 valle
1258 1358 1276 1403 e
1307 1336 1417 1404 madio

297 1445 369 1511 tolli
392 1465 578 1529 censemus,
603 1444 725 1531 quibus
748 1444 805 1530 illi,
830 1447 887 1531 qui
911 1445 1136 1526 nominantur,
1160 1443 1309 1527 insignes
1325 1448 1415 1526 sunt,

297 1553 518 1638 metonymice
550 1551 700 1634 intellegi
722 1552 898 1637 possunt¹l
944 1550 1094 1635 Denique
1118 1550 1161 1616 ad
1185 1550 1417 1636 metaphoram

296 1657 354 1724 illa
384 1660 465 1724 sunt
493 1656 681 1724 referenda:
713 1677 792 1723 nam
825 1655 914 1742 quod
944 1656 1107 1722 Martialis
1135 1654 1214 1722 dicit
1242 1655 1303 1721 Vll
1320 1656 1418 1738 osi:

297 1765 373 1832 iaec
403 1788 458 1851 ego
487 1767 534 1832 vel
567 1766 665 1833 cario
696 1764 910 1847 Fabricioque
940 1765 1042 1850 legam
1071 1762 1158 1828 inita
1184 1761 1417 1849 subductaque

297 1871 426 1937 ratione
443 1891 568 1955 omneS,
586 1870 643 1957 qui
659 1870 764 1953 Curio,
781 1868 855 1935 aliis
871 1869 997 1936 similes
1012 1872 1103 1953 sunt,
1116 1890 1191 1936 cum
1204 1868 1268 1935 illis
1282 1869 1420 1935 confert.

780 2101 868 2203 tao.
897 2101 936 2183 v.

827 2245 846 2327 s
865 2245 891 2308 1.

386 2367 439 2433 Ab
473 2367 537 2434 hac
571 2367 800 2455 disputatione
835 2370 1010 2454 tamquam
1043 2368 1163 2434 idoneo
1198 2368 1417 2435 fundamento

297 2472 436 2559 profecti
451 2474 494 2540 ad
511 2475 694 2541 carminum
706 2473 868 2541 Martialis
888 2474 1132 2562 synecdochem
1154 2475 1262 2560 ipsam
1284 2476 1419 2540 transo-

298 2601 402 2647 amus
458 2581 508 2648 Ac
541 2583 683 2668 primum
715 2581 848 2667 quidem
879 2581 1062 2648 afferamus
1101 2579 1214 2664 verba,
1249 2580 1307 2645 ubi
1340 2600 1420 2666 pars

297 2688 431 2771 ponitur
460 2709 518 2774 pro
549 2692 630 2755 toto.
676 2687 787 2753 Exeat
817 2690 932 2753 autem
955 2688 1039 2753 haec
1070 2687 1253 2774 disputatio
1289 2686 1331 2752 ab
1366 2686 1417 2769 iis,

298 2814 384 2878 quae
407 2795 470 2880 ipsi
493 2793 596 2860 oculis
620 2794 785 2859 cernimus
808 2792 918 2859 locum
935 2793 988 2859 vel
1012 2794 1159 2878 spatium
1182 2792 1417 2875 significantia.

298 2899 352 2965 Sic
375 2900 495 2967 codam
517 2899 568 2980 iis,
601 2919 687 2983 quae
718 2899 847 2985 proprie
871 2899 943 2964 eius
973 2900 1200 2985 partescum,
1234 2901 1270 2964 et
1286 2901 1360 2985 polo
1383 2901 1419 2965 et

297 3008 395 3073 astris
418 3003 473 3070 vel
502 3006 660 3073 sideribus
691 3003 893 3087 designatur.
941 3007 1044 3073 Getici
1073 3009 1180 3074 sidera
1205 3009 1306 3093 pigra
1334 3009 1416 3093 poli:

296 3110 343 3176 Vl
355 3110 456 3193 58,2;
494 3113 606 3178 addita
636 3111 714 3194 qaid
737 3112 834 3178 Latio
857 3110 976 3179 Flavia
1000 3117 1115 3198 capla
1131 3115 1229 3198 polo?
1258 3113 1417 3197 IX3,12;

297 3218 448 3302 astrifero
470 3257 514 3265 —
531 3220 605 3303 polo
628 3217 674 3282 IX
690 3218 783 3303 20‚e;
806 3219 891 3285 eiciet
906 3219 1049 3304 Augusti
1071 3221 1193 3287 Flavia
1217 3223 1332 3307 templa
1351 3223 1418 3305 pol'

297 3324 408 3406 ΙΧ34,
422 3326 455 3410 23
495 3326 599 3393 Getici
630 3327 749 3394 tuleras
786 3326 893 3393 sidera
921 3327 1021 3413 pigra
1049 3328 1118 3411 poli
1147 3325 1192 3391 lX
1205 3327 1257 3409 45,
1272 3329 1307 3411 23
1345 3331 1418 3397 celsi

297 3435 404 3500 lacida
419 3434 515 3520 sigua
524 3434 616 3518 poli?
638 3434 690 3501 IX
702 3435 754 3515 71,
768 3433 802 3518 83
826 3434 954 3517 uariam
968 3456 1028 3500 rex
1042 3456 1158 3521 magne
1167 3435 1238 3517 poli
1252 3431 1377 3518 Xnoa,
1390 3436 1417 3498 1.

298 3538 383 3603 Tum
406 3541 504 3607 astris
527 3539 680 3607 subiecta
703 3543 757 3607 est
779 3540 897 3606 eadem
920 3540 1013 3607 notio
1037 3540 1089 3606 his
1112 3539 1206 3606 locis:
1241 3544 1284 3607 ad
1307 3563 1418 3608 eeaora

297 3647 327 3711 oi
348 3669 398 3713 rae
420 3648 547 3714 diversa
569 3655 693 3715 vocaret
714 3650 752 3715 ia
775 3655 865 3715 astra
887 3649 963 3715 hiae
985 3650 1140 3716 incitator
1163 3646 1319 3724 Caesaris,
1342 3650 1418 3714 iride

298 3752 386 3820 Iocis
407 3750 551 3835 1X91,1
576 3755 611 3819 et
627 3754 655 3819 2.
706 3753 805 3820 Porro
831 3757 949 3836 strar)
968 3756 1140 3839 palamque
1163 3753 1343 3819 coniuncta
1364 3753 1418 3818 his

388 3929 407 3997 ¹)
426 3927 468 3984 Of.
481 3929 612 3999 Fengcr
630 3929 835 4000 l.s.s.pg.13.

387 4018 406 4085 Ω)
425 4017 610 4087 Hyperbolice
628 4019 666 4072 ad
684 4018 862 4073 altitudinem
880 4019 952 4074 satis
972 4034 1103 4088 magnam
1125 4018 1322 4073 illustrandam
1342 4020 1418 4075 simi-

298 4103 360 4160 liter
379 4105 450 4160 haec
469 4106 546 4161 dicta
572 4108 651 4160 sunt:
682 4111 712 4162 at
738 4123 809 4162 aaac
826 4107 938 4163 Alciden
965 4113 1062 4163 tauma
1088 4108 1119 4164 in
1141 4112 1220 4163 aetra
1245 4109 1308 4177 tulit
1335 4110 1352 4165 l.
1375 4126 1417 4180 sp.

298 4192 383 4247 XVIb
396 4193 426 4261 23
445 4195 594 4250 emtalerot
611 4199 709 4266 raptas
726 4201 824 4251 tauma
841 4196 871 4250 in
890 4200 970 4251 astra
983 4197 1059 4267 pilae
1076 4196 1093 4252 l.
1107 4214 1148 4268 sp.
1163 4197 1204 4262 19,
1215 4197 1246 4264 2;
1271 4199 1369 4254 mirera
1386 4199 1417 4254 ia

298 4287 376 4338 arra
393 4282 481 4350 13,8;
509 4284 579 4353 qaod
597 4283 646 4354 (sc.
664 4284 769 4353 nomen)
792 4285 882 4356 piano
900 4285 1028 4341 acribcate
1053 4304 1136 4356 grues
1160 4287 1196 4343 aei
1212 4288 1302 4344 erdere
1320 4289 1419 4344 tollant

299 4368 430 4437 ixian
458 4372 518 4428 iriae
535 4374 649 4443 proprie
672 4390 779 4429 cunano
796 4391 890 4444 rapax
906 4374 1006 4430 mimir
1024 4375 1061 4429 od
1079 4380 1158 4432 astra
1174 4378 1247 4432 colai
1265 4376 1417 4443 1x54‚10;

298 4459 336 4514 cic
359 4461 428 4516 airct
445 4465 471 4517 et
488 4462 574 4516 remia
598 4462 690 4518 cidere
713 4464 782 4518 celsa
801 4463 873 4534 petit
890 4463 1033 4529 1X61‚10.
1053 4495 1088 4502 -
1105 4466 1149 4520 Ad
1168 4467 1286 4536 gloriam
1305 4467 1417 4520 immor·
