3600 5334
742 624 966 689 -39-

294 801 450 884 efficitur,
475 803 514 865 ut
536 801 571 866 in
595 799 758 866 similibus
782 801 943 888 exemplis
958 804 1069 868 totum
1084 821 1142 888 pro
1158 804 1254 888 parto
1269 802 1416 889 positum

296 929 370 975 esse
394 908 541 974 conicere
564 928 632 973 non
655 906 789 990 1166611)

383 1014 458 1080 Η66
481 1014 624 1099 (1661666
639 1012 850 1080 referendum
867 1013 1001 1081 videtur
1020 1035 1104 1099 esse,
1129 1014 1237 1081 sicubi
1252 1036 1309 1101 pro
1327 1036 1417 1101 aqua

293 1143 313 1187 6
335 1122 427 1187 16616
447 1121 575 1186 hausta
589 1121 617 1185 is
633 1120 705 1207 ipse
722 1123 834 1187 exstat
851 1120 902 1202 (ci.
914 1120 1010 1204 Verg.
1027 1123 1109 1188 Aen.
1125 1121 1241 1206 11686,
1258 1121 1318 1187 XII
1332 1123 1415 1204 119).

293 1227 358 1308 Qui
381 1247 457 1293 cum
480 1228 609 1314 proprie
631 1227 751 1313 locum,
783 1226 873 1294 undo
898 1226 1084 1295 effunditur
1106 1250 1205 1315 aqua,
1238 1228 1414 1312 significet,

294 1355 352 1400 cur
382 1354 440 1420 per
468 1336 709 1420 metonymiam
732 1357 754 1400 a
777 1335 1004 1417 grammaticis
1027 1334 1242 1420 intellegatur
1265 1338 1317 1401 est
1339 1355 1415 1422 per·

293 1441 454 1527 spicuum.
500 1440 588 1506 Nam
618 1442 753 1526 ponitur
782 1462 840 1527 pro
871 1461 907 1506 re
937 1441 980 1524 id,
1012 1440 1102 1510 unde
1125 1442 1301 1525 sumiturfl)
1348 1441 1416 1509 Sed

294 1546 383 1633 quod
407 1568 482 1614 cum
504 1547 634 1613 sontem
659 1546 808 1629 dicimus,
833 1568 902 1613 non
926 1547 1034 1613 solum
1057 1546 1203 1632 (161666,
1229 1547 1415 1614 sedetiam

293 1653 334 1720 (16
366 1675 472 1739 6666,
506 1675 592 1740 6666
615 1653 814 1740 prorumpit,
848 1653 1044 1736 cogitamus
1077 1657 1224 1739 apparet,
1256 1675 1358 1739 quare
1381 1654 1415 1720 id

292 1761 432 1827 verbum
465 1760 567 1827 etiam
596 1760 826 1847 synecdochae
849 1760 1081 1843 subiungatur.
1127 1759 1214 1825 Nam
1237 1781 1295 1846 pro
1319 1764 1414 1847 parte

292 1867 426 1933 videtur
457 1869 568 1934 totum
591 1868 679 1954 poni.
726 1869 837 1952 Atque
861 1867 979 1932 merito
1004 1867 1093 1933 hunc
1116 1869 1249 1952 tropum
1271 1867 1415 1933 inveniri

293 1974 443 2058 dicimuS,
469 1995 545 2040 cum
567 1974 645 2041 fons
668 1995 739 2040 non
752 1995 809 2060 pro
827 1995 917 2059 aqua
933 1994 975 2039 ex
990 1972 1046 2040 illo
1062 1974 1134 2060 ipso
1151 1974 1277 2040 hausta
1293 1976 1414 2057 exstat,

295 2081 352 2146 sed
377 2103 435 2168 pro
460 2102 501 2147 oa
524 2080 724 2164 generaliter
747 2082 928 2148 collocatur
950 2081 1001 2162 (cf.
1017 2081 1112 2148 Mart.
1128 2080 1174 2146 IX
1191 2083 1242 2167 75,
1253 2083 1292 2164 9).
1332 2082 1413 2164 Qui-

294 2186 358 2252 bus
381 2188 462 2254 loois
486 2189 630 2274 speciem
653 2209 712 2276 pro
735 2209 855 2273 genere
879 2191 1071 2255 exstantem
1094 2189 1256 2255 invenias.

816 2367 889 2450 64.

381 2490 471 2556 Satis
493 2490 618 2557 dictum
635 2512 709 2557 esse
726 2491 927 2557 arbitramur
943 2490 983 2556 de
999 2491 1105 2576 prima
1121 2489 1278 2555 etaltera
1294 2510 1413 2577 synec-

291 2595 418 2663 dochae
448 2596 574 2681 forma,
607 2596 781 2683 deincepS,
813 2599 853 2661 ut
883 2599 957 2662 erat
986 2597 1209 2682 propositum,
1242 2596 1282 2661 de
1312 2597 1414 2661 tertia

292 2707 386 2788 parte
428 2704 545 2789 paucis
589 2703 786 2788 disputetur.
847 2702 897 2768 Ac
934 2703 1078 2788 primum
1116 2701 1251 2787 quidem
1290 2700 1334 2766 ad
1372 2723 1414 2768 ea

292 2798 456 2896 exempla,
488 2810 529 2875 de
561 2808 682 2894 quibus
713 2808 940 2874 controversia
970 2809 1032 2890 661,
1064 2811 1178 2873 utrum
1200 2829 1259 2893 per
1280 2810 1413 2894 tropum

291 2914 518 2998 intellegenda
549 2914 619 2979 sint
648 2913 806 2999 neone,⁸)
845 2916 1077 2996 transeamus,
1110 2935 1196 2999 quae
1228 2914 1412 3001 scriptores

291 3022 501 3108 potissimum
532 3021 596 3103 vel,
629 3023 668 3086 ut
701 3039 852 3086 sermone
877 3019 1004 3087 Graeco
1028 3023 1172 3106 utamur,
1204 3024 1273 3086 κατ’
1297 3022 1413 3106 ἐξοχὴν

292 3128 420 3212 eligunt
452 3148 493 3193 66
522 3127 662 3211 rationo,
695 3130 734 3194 ut
760 3127 901 3194 verbum
924 3130 1078 3213 premant
1101 3130 1136 3194 et
1160 3129 1256 3214 quasi
1279 3150 1354 3195 oum
1377 3128 1413 3194 vi

292 3235 412 3301 dicant.
460 3235 513 3301 Sic
537 3232 655 3300 Graeci
686 3235 824 3301 verbum
856 3237 975 3319 poetae
1006 3235 1224 3302 enuntiantes
1257 3235 1297 3301 (16
1321 3235 1411 3301 66116

292 3341 356 3408 alio
381 3342 575 3426 cogitabant
597 3342 662 3408 nisi
686 3341 726 3408 de
742 3341 896 3428 Homero,
922 3344 956 3407 61
971 3341 1115 3408 Romani
1130 3343 1246 3408 urbem
1263 3343 1412 3409 dicentes

292 3446 433 3515 Romani
459 3449 567 3536 ipsam
590 3449 625 3514 in
648 3449 759 3515 animo
783 3448 964 3515 habebant.
1010 3448 1103 3530 Quae
1125 3450 1321 3531 locutiones
1346 3470 1410 3533 quo

291 3558 439 3641 tempore
457 3559 491 3621 61
514 3556 571 3622 ubi
588 3556 787 3635 exstiterint,
811 3557 983 3642 permagni
998 3556 1159 3622 momenti
1175 3577 1248 3620 6666
1265 3553 1411 3619 Linds-

291 3658 408 3745 kog⁴l
440 3665 529 3729 66616
560 3664 737 3748 perspexit.
784 3662 884 3728 Velut
908 3661 1047 3746 incolae,
1081 3662 1137 3747 qui
1159 3660 1254 3725 initio
1278 3660 1411 3726 Latium

292 3766 511 3852 incoluerunt,
529 3772 568 3834 ut
579 3768 722 3835 Romam
738 3769 781 3834 ab
799 3769 873 3834 aliis
890 3767 1018 3853 oppidis
1035 3766 1288 3848 distinguerent,
1306 3766 1410 3851 primo

292 3893 367 3938 eam
390 3876 558 3941 vocabant
582 3875 707 3958 urbem,
733 3876 816 3956 tum,
841 3895 917 3939 curn
940 3872 1022 3939 illud
1038 3871 1241 3937 vocabulum
1256 3871 1410 3937 increbu-

290 3979 374 4044 isset
396 3985 498 4066 atque
522 3983 557 4046 in
581 4000 790 4047 communem
814 4001 913 4044 usum
938 3978 1104 4061 cessisset,
1129 3978 1161 4060 ii,
1187 3978 1243 4063 qui
1266 3978 1329 4043 sub
1345 3979 1410 4044 im-

290 4105 503 4117 ————

381 4175 399 4243 q
418 4177 478 4231 Hoc
497 4179 596 4231 contra
614 4175 803 4230 Ricardum
821 4175 961 4243 Fenger
979 4173 1005 4243 11.
1018 4191 1041 4229 6.
1054 4191 1076 4229 6.
1089 4191 1135 4245 pg.
1149 4175 1202 4244 29).
1327 4174 1328 4177 ’

379 4263 791 4335 1)1616(161(6ς))ς.119666.

380 4351 400 4421 1)
420 4352 505 4408 Velut
523 4353 657 4408 Straub
676 4353 746 4407 talia
764 4369 814 4423 per
826 4351 1037 4422 synecdochem
1050 4352 1189 4428 intellegit
1202 4354 1221 4409 l.
1234 4371 1256 4409 s.
1270 4370 1292 4408 s.
1306 4371 1351 4424 pg.
1367 4353 1409 4408 10.

378 4440 400 4509 4)
419 4441 450 4496 L.
463 4457 485 4496 s.
499 4457 521 4497 s.
534 4457 580 4512 pg.
595 4441 636 4496 ll.
