3600 5334
736 619 958 685 ..31-

291 796 557 879 confundendae,
582 817 776 883 quanquam
797 797 832 863 in
856 799 904 863 eis
920 795 1090 883 quandam
1105 797 1314 864 vicinitatem
1337 818 1410 865 esse

289 924 387 971 neme
412 905 464 970 est
480 904 537 989 qui
552 908 661 986 neget.
700 902 751 969 Ad
766 903 859 969 illam
875 905 990 970 autem
1005 902 1213 970 referendam
1236 923 1310 969 esse
1335 926 1410 971 eam

290 1009 418 1077 dicendi
440 1010 615 1092 rationem,
640 1010 675 1075 in
691 1031 759 1096 qua
773 1031 831 1097 pre
846 1011 1029 1079 hominibus
1051 1009 1249 1093 generaliter
1263 1013 1410 1079 morans

288 1119 467 1203 ponuntur,
492 1117 599 1182 exeis
616 1115 734 1201 elucet,
752 1137 839 1202 quae
863 1137 965 1203 supra
990 1116 1030 1183 de
1053 1115 1153 1182 huius
1179 1116 1263 1202 tropi
1286 1120 1411 1183 natura

289 1221 441 1290 diximus.
487 1223 574 1289 Nam
601 1223 712 1307 imago
740 1245 831 1290 nexu
855 1244 897 1290 ex
920 1226 1077 1290 notarum
1108 1223 1287 1306 insignium
1320 1243 1410 1289 eom-

289 1330 455 1396 munitate
479 1330 611 1413 cognite
635 1331 824 1417 percipitur,
848 1332 1036 1413 ingenus
1059 1330 1267 1415 poniturpm
1292 1331 1409 1417 specie.

377 1434 430 1503 Ad
461 1438 730 1504 antonomasiam
760 1456 840 1502 vere
876 1440 929 1503 est
962 1434 1197 1519 revocandum,
1232 1435 1289 1502 ubi
1324 1438 1411 1504 sieut

290 1563 391 1629 supra
413 1565 483 1609 una
497 1544 682 1630 proprietas
706 1543 847 1609 obicitur
862 1542 992 1623 ceteris,
1017 1542 1160 1628 quaein
1183 1562 1251 1607 uno
1275 1544 1410 1609 eedem·

290 1671 353 1735 que
384 1650 522 1716 animali
545 1651 635 1730 sunt,
666 1648 770 1732 velut,
796 1652 835 1715 ut
864 1648 1018 1735 example
1041 1646 1163 1714 illustri
1185 1652 1330 1734 utamur,
1366 1648 1411 1715 ad

288 1756 402 1823 Iovem
424 1754 661 1822 illustrandum
683 1756 712 1819 is
737 1754 949 1840 omnipotens
973 1753 1170 1842 appellatur,
1194 1755 1213 1819 i.
1236 1774 1263 1819 e.
1288 1755 1345 1820 ubi
1368 1775 1410 1821 ex

289 1862 444 1928 omnibus
457 1861 687 1948 qualitatibus,
705 1882 791 1946 quae
806 1860 895 1926 illius
911 1861 1063 1948 propriae
1079 1863 1169 1944 sunt,
1186 1881 1256 1926 una
1272 1860 1411 1927 effertur

289 1968 332 2035 vi.
368 1967 440 2048 Qua
463 1968 592 2034 ratione
609 1968 779 2054 sequimur
794 1968 990 2049 Quintiliani
1013 1968 1228 2053 sententiam,
1253 1968 1310 2053 qui
1334 1989 1411 2034 amn

289 2077 421 2162 tropum
453 2076 500 2141 sie
528 2072 660 2141 delinit:
691 2079 926 2160 antonomasia,
950 2099 1031 2161 quae
1054 2077 1177 2160 aliquid
1195 2099 1258 2162 pro
1282 2079 1411 2144 promise

283 2185 387 2268 penit,
412 2184 516 2267 potitis
538 2190 672 2268 atroque
695 2185 785 2250 medo
808 2183 1071 2268 frequentissima
1095 2189 1125 2249 et
1150 2206 1212 2268 per
1241 2184 1410 2270 epitheton,

290 2290 532 2371 quoddamque
560 2313 595 2357 eo
626 2292 679 2358 cut
701 2293 875 2375 apponitur
905 2293 986 2358 valet
1010 2314 1073 2375 pre
1103 2293 1233 2359 nomine
1259 2293 1409 2375 Tydida,

288 2395 421 2478 Pelides,
446 2404 476 2463 et
489 2397 548 2478 his,
571 2419 652 2481 qnae
673 2398 711 2463 in
727 2420 848 2482 qaoque
871 2404 950 2465 snat
966 2399 1162 2482 praecipua:
1186 2400 1298 2464 dinam
1314 2404 1411 2480 pater

289 2509 383 2587 nique
397 2503 565 2572 hominnm
579 2527 649 2587 rea,
673 2512 703 2570 et
718 2528 758 2571 ex
773 2506 878 2589 saetis,
904 2505 1020 2588 quibas
1036 2525 1177 2587 persone
1192 2502 1411 2587 riqizifientma

289 2608 427 2677 thelame
449 2633 530 2693 qaae
551 2610 621 2692 sinu
642 2610 773 2694 reliquit
795 2613 951 2695 impius.¹l

377 2717 427 2782 Ae
450 2715 565 2782 Beda
587 2714 680 2781 illum
702 2719 836 2801 tropum
860 2717 972 2781 anime
996 2717 1107 2781 totum
1131 2714 1352 2800 complectens
1375 2715 1412 2780 in

289 2824 448 2907 quattuor
479 2824 592 2908 partes
616 2819 718 2887 dividi
743 2821 823 2886 vult.
870 2820 934 2901 Qui
963 2820 1119 2886 describit
1150 2822 1222 2886 eius
1253 2822 1411 2887 naturam

288 2927 352 2994 hee
367 2925 481 2994 mede:
503 2928 540 3009 fit
562 2964 607 2972 -
629 2928 668 2994 ab
692 2929 810 3010 neimo,
835 2935 872 2994 ut
894 2929 1054 3011 numquid
1076 2951 1143 2994 eon
1167 2935 1203 2995 le
1221 2931 1411 3013 permissisti

288 3035 486 3119 superbam?
531 3041 776 3119 scorpaena
810 3036 862 3102 eir
884 3037 1017 3120 spurius
1040 3037 1224 3104 altitudinis
1246 3059 1302 3103 sex
1325 3037 1411 3104 eubi-

289 3149 395 3209 arem
425 3147 455 3206 el
479 3141 593 3225 palmi,
625 3163 645 3207 a
675 3163 790 3226 ponere
820 3148 857 3208 nt
878 3179 924 3187 —
945 3142 1032 3222 filiam
1062 3144 1134 3211 Irni
1156 3181 1194 3189 -
1231 3165 1252 3211 a
1283 3145 1346 3210 leco
1374 3151 1411 3210 ui

289 3255 450 3316 ancta-em
479 3249 646 3315 seditionis
672 3254 771 3315 seciae
798 3249 1059 3332 Nazarenam-am,
1091 3249 1130 3316 ab
1160 3257 1235 3318 ecta
1267 3257 1319 3317 ut:
1355 3252 1411 3334 qut

289 3363 398 3423 autem
413 3358 514 3423 tradit
529 3356 628 3439 illum
651 3356 738 3422 dedit
752 3357 795 3423 n‘s
809 3357 949 3440 alpisum,
974 3355 1013 3421 nd
1030 3362 1144 3423 evena
1158 3364 1211 3423 ut:
1235 3358 1411 3442 discipulus

289 3465 349 3545 dle,
374 3486 466 3548 quem
488 3464 638 3549 dilipebei
660 3464 787 3545 lerini>

377 3568 509 3653 Idumen,
540 3574 580 3636 ut
606 3568 810 3636 nonnullae
834 3567 987 3635 Martiale
1015 3567 1232 3654 proteramus,
1265 3569 1409 3633 antone-

290 3677 416 3742 masiae
447 3675 680 3759 subiungenda
712 3678 794 3742 sunt
816 3675 910 3760 haee,
943 3696 1029 3760 quae
1061 3674 1105 3740 ad
1129 3673 1209 3740 dees
1232 3673 1410 3761 pertinent.

289 3784 440 3870 Inprimis
464 3784 552 3849 enim
573 3782 734 3849 Martialis
749 3783 870 3848 Iovem
886 3782 958 3848 sive
974 3781 1162 3848 Tonantem
1186 3780 1258 3846 sive
1281 3782 1410 3866 patrem

291 3890 475 3957 aetherium
506 3889 577 3956 sive
608 3909 775 3954 summurn
798 3892 928 3975 patrem
959 3889 1031 3954 sive
1055 3886 1154 3954 deum
1177 3889 1307 3972 patrem
1338 3887 1409 3952 sive

290 3996 452 4062 similibus
472 3995 610 4063 vecibus
628 3994 775 4081 appellat
791 3993 831 4076 (X
843 3996 896 4077 51,
909 3995 964 4078 133
979 3993 1055 4062 XIII
1068 3994 1159 4078 74,1‚
1172 4031 1217 4039 —
1232 3991 1410 4075 IX35,10;

290 4102 400 4187 IX36,
414 4105 451 4187 73
474 4101 609 4188 lX1,5;
633 4099 815 4185 1X65‚10;
839 4099 928 4180 IX3,
943 4101 982 4183 iil.
1028 4098 1156 4166 Deinde
1180 4121 1231 4186 ea,
1256 4120 1342 4186 quae
1367 4098 1411 4164 ad

290 4266 502 4274 ψ

381 4352 399 4419 1)
418 4351 515 4418 v1116,
529 4350 572 4405 29.

380 4440 399 4510 ²)
418 4439 496 4494 Beda
515 4439 591 4510 apud
609 4438 691 4494 Halm
710 4454 755 4509 pg.
769 4435 830 4492 613.

344 4535 454 4580 Stietzel.
