3600 5334
740 635 965 699 -63-

292 810 451 897 liquorem
483 810 631 877 cuiusvis
661 811 790 894 generis
812 810 876 878 hoo
898 811 971 878 loeo
1002 812 1183 896 signifieat:
1210 817 1335 899 potilio

291 919 384 985 ratri
398 920 494 986 doluit
509 920 600 985 arida
616 919 698 985 aroai
708 934 711 935 ’
722 921 775 999 (se.
790 916 960 1001 nebulam)
977 917 1052 983 VIII
1064 920 1116 993 33,
1130 921 1159 986 4.
1198 918 1301 986 Adioe
1325 920 1413 1007 quod

292 1023 408 1090 eadem
432 1045 499 1090 vox
523 1026 637 1091 exstat
659 1045 718 1110 pro
741 1024 861 1090 imbre:
885 1033 973 1093 aocet
995 1025 1114 1109 artifici
1137 1034 1249 1093 reatae
1271 1034 1301 1094 ei
1322 1031 1414 1095 arria

291 1133 374 1200 ailril
396 1129 506 1214 IX38,
519 1131 557 1215 8;
586 1131 702 1216 [qaid]
718 1154 859 1211 pueram
874 1132 1025 1216 prohibes
1047 1133 1156 1199 atara
1177 1132 1277 1201 imbre
1298 1136 1413 1203 laeua?

291 1237 335 1303 XI
348 1239 401 1320 96,
415 1238 444 1302 2.
463 1275 505 1286 —
520 1235 648 1303 Deinde
673 1259 785 1323 aqua
808 1237 1006 1322 desIgnatur
1028 1239 1100 1305 sive
1123 1261 1194 1306 roro
1218 1240 1289 1306 sive
1311 1242 1412 1325 ferite:

290 1348 370 1412 sicea
400 1346 512 1411 aomos
543 1345 689 1428 atteritur
719 1347 806 1412 raalio
836 1369 869 1413 ee
899 1369 970 1413 rore
999 1348 1102 1430 foveri
1132 1346 1178 1411 IX
1193 1347 1243 1427 18,
1261 1347 1298 1429 53
1329 1350 1413 1432 qaod

290 1453 408 1518 virenti
429 1450 527 1533 sorite
556 1453 635 1519 looit
657 1452 802 1520 Iteratae
833 1455 886 1533 (se.
911 1458 1062 1535 marmor)
1093 1452 1139 1518 IX
1153 1453 1204 1535 75,
1222 1454 1276 1537 9))
1330 1453 1413 1520 Post

290 1556 402 1623 vada
424 1555 543 1624 eadem
565 1557 695 1624 ratione
717 1558 768 1623 ita
790 1556 1041 1642 intelleguntur,
1074 1561 1113 1623 ut
1135 1579 1193 1645 pro
1216 1558 1412 1627 fluctibus

289 1664 467 1742 videantur
501 1666 651 1731 exstare:
682 1667 819 1732 Vaterno
849 1665 1042 1749 Rasinaque
1070 1667 1239 1752 pioriaea
1274 1690 1411 1750 qaorum

284 1794 345 1855 per
366 1774 452 1838 voela
475 1775 570 1838 tarda
592 1773 785 1859 aaoiqoates
804 1773 956 1854 ΙΠ67,2
981 1775 1015 1837 et
1037 1772 1074 1855 33
1098 1793 1219 1839 maeres
1319 1776 1412 1842 vadis

288 1876 333 1943 IV
346 1878 449 1961 22,7;
485 1900 606 1962 parvae
640 1882 724 1946 vada
759 1902 846 1963 para
884 1879 1087 1946 I‘oetoareeae
1121 1878 1166 1943 IV
1178 1880 1305 1965 55,22;
1343 1904 1410 1949 aaa

289 1985 408 2051 Phoebi
431 1987 515 2052 vada
533 1986 755 2072 principesque
778 1987 885 2054 Baiae
909 1985 1020 2067 V142,
1035 1988 1071 2071 73
1101 1987 1294 2072 Erythraeis
1317 1995 1410 2057 erata

287 2113 411 2175 aeraria
433 2093 524 2158 vadia
547 2093 629 2160 VIII
642 2093 694 2174 28,
710 2094 759 2158 14.

376 2216 425 2281 Ao
440 2236 530 2282 nuno
546 2217 781 2303 perveniamus
798 2216 840 2283 ad
861 2238 932 2283 rem
947 2237 1005 2304 per
1020 2215 1163 2283 eandem
1178 2217 1409 2305 synecdochae

287 2320 426 2388 formam
450 2321 718 2408 Intellegendum,
751 2344 838 2410 quae
862 2323 959 2409 aquis
982 2322 1122 2409 peIIItur.
1169 2322 1292 2390 Exstat
1319 2325 1408 2390 enim

288 2427 377 2515 apud
398 2428 587 2495 Martialem
614 2432 697 2498 ratis
727 2451 784 2516 pro
816 2431 935 2496 navi:
959 2431 1229 2498 credidimus
1253 2439 1356 2500 ratem
1387 2431 1407 2497 I.

288 2538 387 2621 spect.
405 2537 458 2617 26,
468 2537 507 2620 43
527 2545 625 2621 parat
640 2539 743 2605 saevis
758 2539 883 2605 ratibus
898 2539 973 2621 fera
982 2538 1108 2621 proelia
1124 2538 1247 2604 Nereae
1269 2536 1288 2602 I.
1305 2542 1407 2622 spect.

288 2643 339 2726 28,
354 2646 390 2726 73
424 2666 482 2710 aee
504 2666 609 2711 mersa
632 2651 677 2712 eat
701 2648 823 2731 oetaeo,
853 2667 910 2713 aea
932 2645 1006 2727 fait
1027 2648 1095 2713 alla
1117 2645 1200 2710 ratis
1223 2644 1269 2709 IV
1280 2645 1333 2728 66,
1350 2646 1406 2728 143

285 2752 439 2818 mambrae
462 2758 624 2819 ecetraotaa
646 2752 756 2819 obruet
783 2755 875 2819 uada
903 2759 989 2820 rates
1012 2752 1107 2835 v42,
1122 2752 1159 2835 6;
1189 2753 1331 2821 sanctior
1361 2759 1407 2819 eet

285 2859 373 2925 solea
396 2878 505 2941 parva
535 2859 646 2925 tabella
675 2864 746 2926 rate
768 2856 829 2923 VH
845 2859 896 2941 19,
910 2860 948 2942 63
987 2860 1129 2944 dispersa
1163 2866 1232 2926 rate
1262 2859 1405 2927 tristatos

280 2966 425 3049 procellis
458 2962 504 3030 IX
520 2965 573 3047 40,
591 2966 620 3032 6.
654 3002 699 3015 —
736 2963 863 3030 Eadem
896 2964 1027 3030 ratione
1062 2988 1116 3033 aes
1152 2962 1240 3030 idem
1275 2967 1327 3031 est
1366 2986 1406 3030 ae

285 3070 509 3137 metallum
533 3072 680 3138 cuiusvis
696 3072 842 3156 generis:
864 3071 921 3155 fiet
935 3074 1027 3140 oario
1046 3074 1195 3140 sordidas
1218 3095 1291 3140 aere
1312 3074 1405 3139 sinae

285 3175 381 3260 Vae,
394 3179 423 3243 8.
468 3177 585 3265 Neque
616 3178 660 3245 ab
690 3178 747 3245 illo
779 3178 932 3265 exemplo
964 3179 1144 3246 abhorrent
1171 3179 1269 3246 haee:
1302 3181 1406 3247 maroa

285 3307 322 3351 ae
337 3294 469 3370 possent
490 3309 586 3355 saeva
608 3310 718 3355 aoaere
739 3287 798 3354 eibi
812 3284 844 3350 V
857 3287 909 3371 76,
924 3287 961 3368 2;
979 3309 1039 3371 per
1053 3292 1166 3374 loayas
1185 3289 1288 3355 toaioa
1310 3309 1406 3354 saeva

283 3392 353 3459 otae
377 3395 429 3473 (se.
447 3394 556 3478 mittio)
579 3393 676 3475 X36,
691 3395 720 3459 4.
736 3432 781 3441 -
805 3393 914 3473 Quam
938 3392 1001 3458 sub
1016 3393 1181 3459 rationem
1205 3393 1304 3478 eadit,
1329 3415 1405 3460 oum

285 3518 436 3565 saxum
459 3524 600 3569 marmor
623 3499 827 3586 appellatur:
851 3501 929 3568 loesi
951 3522 1114 3566 marmora
1135 3502 1266 3585 Sisyphi
1288 3501 1404 3568 videbit

282 3602 379 3687 V80,
395 3607 444 3669 11.
490 3604 615 3672 Ilodem
638 3598 736 3671 m'odo
760 3608 936 3691 praeterea
956 3627 1081 3690 aemma
1111 3605 1266 3670 universe
1290 3609 1404 3672 exstat

282 3731 339 3795 pro
363 3709 514 3792 lapide
537 3711 593 3775 vel
616 3710 804 3776 oaloulo:
828 3711 913 3777 tarro
934 3712 1034 3777 lowera
1051 3715 1151 3777 lactea
1172 3731 1296 3795 aemma
1318 3717 1403 3778 aotei

283 3812 358 3879 VIII
370 3813 423 3895 45,
437 3813 473 3897 23
505 3815 610 3881 Gaias
632 3815 714 3881 horae
736 3816 836 3881 lacem
864 3836 990 3901 qemooa
1012 3816 1093 3881 milri
1114 3815 1223 3882 Iulias
1246 3814 1318 3881 alba
1348 3819 1405 3896 (sa

282 3923 399 4007 sioaat)
423 3918 468 3984 XI
481 3920 532 4003 36,
543 3920 570 3983 1.

372 4205 390 4274 ¹)
411 4203 618 4274 hindakog
637 4202 691 4273 (pg.
704 4198 749 4271 20)
772 4199 802 4254 id
819 4214 869 4269 per
887 4199 1093 4269 metonymiam
1110 4199 1258 4268 Intellegit,
1281 4217 1334 4256 nos
1353 4217 1406 4271 per

282 4294 499 4362 synecdochem.
531 4292 612 4362 Quali
629 4294 726 4347 autem
739 4290 905 4359 aigumento
924 4286 1054 4353 nitamur,
1074 4289 1131 4344 iam
1150 4304 1233 4358 snpra
1246 4289 1403 4346 daeuImue.

335 4529 447 4577 sintae.
1206 4517 1223 4570 5
