3600 5334
822 593 1045 656 -22-

898 790 970 872 se.

463 912 628 994 Quoniam
664 912 747 977 satis
779 910 1064 978 demonstravisse
1094 912 1247 979 videmur
1279 915 1392 999 tropos
1426 935 1496 980 non

373 1019 462 1086 effici
484 1019 550 1084 nisi
573 1017 818 1102 significatione
837 1018 1014 1084 verborum
1038 1018 1253 1105 aliquatenus
1276 1024 1493 1106 commutata,

374 1125 572 1191 accedamus
596 1122 639 1190 ad
655 1128 810 1210 quartam
826 1125 970 1210 speciem
993 1125 1095 1190 huius
1114 1125 1242 1191 formae
1258 1146 1360 1212 quam
1384 1147 1494 1209 gram-

375 1232 488 1297 matici
500 1233 624 1318 putant
632 1228 918 1317 synecdochicam,
931 1251 1106 1297 numerum
1118 1230 1281 1318 pluralem
1290 1233 1348 1319 qui
1355 1234 1496 1298 vocatur

375 1336 548 1420 generalis,
594 1337 699 1418 Quem
727 1340 1072 1403 commemoraverunt
1101 1338 1169 1404 iam
1197 1338 1397 1405 Aristoteles
1405 1340 1428 1422 ¹)
1460 1341 1495 1405 et

374 1446 491 1510 auctor
521 1446 592 1529 περὶ
619 1445 757 1527 euocat
813 1446 923 1529 Atque
958 1443 1011 1509 his
1041 1442 1175 1510 demum
1206 1444 1420 1531 temporibus
1456 1448 1495 1511 ut

372 1550 462 1615 illius
493 1571 592 1616 usum
621 1550 837 1632 illustrarent,
874 1551 1115 1633 congesserunt
1145 1549 1311 1637 permulta
1342 1551 1496 1637 exempla

373 1656 617 1738 Kuehner,³)
639 1655 913 1741 Rothstein‚4)
938 1655 1080 1751 Maas.⁶)
1116 1656 1209 1736 Quae
1233 1657 1291 1743 qui
1312 1656 1494 1742 perlegerit,

375 1762 534 1830 concedet
557 1784 598 1830 ea
619 1763 731 1829 omnia
755 1785 829 1830 esse
853 1784 928 1829 cum
944 1763 1070 1830 virtute
1095 1761 1185 1830 dicta
1208 1767 1310 1851 atque
1325 1765 1436 1830 inesse
1460 1764 1496 1830 in

373 1871 413 1935 iis
445 1868 614 1956 quandam
644 1870 843 1936 rhetoricam
873 1870 951 1936 vim.
998 1868 1052 1935 Sic
1076 1868 1254 1959 Vergilius,
1286 1873 1325 1936 ut
1356 1869 1495 1937 dubium

373 1976 429 2043 vel
452 1976 646 2059 ambiguum
677 1976 843 2060 significet
866 1997 1063 2059 sermonem,
1095 1978 1153 2063 qui
1180 1976 1322 2042 oraculis
1345 1975 1494 2063 proprius

373 2084 436 2166 est,
460 2081 550 2147 hunc
573 2081 734 2167 pluralem
756 2083 793 2147 in
815 2081 962 2148 Aeneide
985 2087 1127 2169 usurpat
1149 2082 1225 2147 VIH
1247 2083 1325 2148 503:
1348 2091 1495 2151 coturnos

374 2196 478 2273 optate
493 2191 596 2275 ducos,
618 2190 637 2254 i.
654 2209 681 2254 e.
697 2190 861 2271 Aeneam;
883 2189 961 2256 ibid.
978 2189 1076 2255 simili
1100 2188 1198 2256 modo
1214 2189 1275 2255 VH
1291 2191 1346 2255 98:
1370 2192 1495 2258 exurat

373 2297 502 2363 venient
516 2297 634 2381 pauori.
657 2293 710 2360 Ad
726 2296 1009 2382 contemptionem
1025 2296 1195 2382 quandam
1212 2294 1387 2361 adducitur
1403 2296 1494 2362 solus

375 2400 443 2467 dux
467 2402 684 2468 Troianorum
706 2402 798 2469 hisce
818 2402 889 2484 (VII
904 2404 993 2485 359):
1018 2405 1206 2472 exulibusue
1229 2405 1327 2470 datur
1349 2406 1495 2471 duoeudo

374 2510 519 2579 Looiuo'u
546 2510 701 2578 Teucris?
1088 2514 1090 2519 ’

464 2615 570 2696 Quem
592 2638 692 2682 usum
719 2615 856 2702 pluralis
884 2615 1014 2682 numeri
1037 2615 1200 2703 quadrare
1228 2617 1336 2699 magis
1363 2616 1399 2681 in
1422 2618 1493 2682 tra·

375 2721 510 2806 goedias
541 2725 576 2789 et
606 2724 755 2790 carmina
786 2722 889 2808 opica,
922 2744 1009 2809 quae
1038 2723 1135 2809 quasi
1165 2722 1355 2788 lectissimis
1383 2724 1493 2789 verbis

372 2831 517 2896 utuntur
540 2833 575 2895 et
594 2830 757 2896 rhetorice
779 2849 833 2895 res
857 2832 979 2895 emant
995 2850 1097 2916 quam
1120 2829 1155 2894 in
1177 2831 1370 2915 poimatum
1394 2850 1493 2912 argu·

372 2940 489 3002 menta
515 2935 687 3020 Martialis,
718 2956 803 3021 quae
827 2933 1071 3022 quodammodo
1094 2939 1273 3002 versantur
1301 2936 1337 3001 in
1365 2956 1494 3002 morum

373 3062 413 3107 ac
435 3042 528 3108 vitae
551 3041 746 3107 imitatione.
793 3040 902 3120 Quam
925 3041 967 3107 ob
991 3062 1061 3107 rem
1083 3042 1203 3107 mirum
1226 3063 1295 3108 non
1318 3046 1379 3127 est,
1403 3042 1493 3129 quod

374 3147 464 3233 apud
484 3146 574 3211 hunc
593 3147 733 3212 occurrit
749 3146 910 3213 eiusmodi
932 3147 995 3214 hoc
1012 3148 1052 3229 (X
1068 3149 1120 3233 25,
1134 3149 1179 3231 2l:
1195 3150 1347 3235 imposuit
1361 3151 1418 3234 qut
1432 3170 1493 3216 suu

374 3255 515 3320 membru
539 3252 567 3333 (i.
589 3273 616 3318 e.
636 3257 784 3336 manum)
804 3254 900 3336 focis.
946 3254 1015 3320 Nec
1046 3255 1153 3338 magis
1179 3276 1278 3341 quam
1310 3254 1353 3322 ad
1382 3257 1494 3321 cetera

372 3356 573 3425 illustranda
596 3359 740 3445 pertinet
769 3359 824 3425 hic
853 3359 1001 3446 pluralis,
1032 3361 1174 3427 inservit
1199 3359 1287 3427 idem
1318 3361 1362 3427 ad
1389 3361 1493 3444 signi-

373 3464 525 3531 ficandos
542 3465 704 3549 homines
725 3466 820 3532 velut
840 3467 930 3551 apud
945 3466 1122 3533 Horatium
1143 3466 1221 3548 (Sat.
1237 3471 1255 3535 Ι
1271 3470 1300 3551 7,
1315 3469 1345 3550 8)
1367 3469 1493 3534 exstat:

373 3574 664 3640 StrenuusBurros
675 3580 712 3640 ut
724 3576 812 3659 cquis
817 3581 1045 3657 procurreret
1056 3576 1143 3642 olbis.
1168 3575 1231 3656 Qui
1242 3595 1325 3640 usus
1337 3574 1494 3660 loquendi

374 3679 480 3744 rarius
503 3680 673 3746 invenitur
701 3678 791 3766 apud
818 3682 936 3764 podtas
960 3700 1061 3766 quam
1090 3681 1180 3767 apud
1205 3681 1389 3768 scriptores
1421 3679 1493 3746 usi·

373 3785 475 3850 tatior
490 3789 604 3852 autem
628 3788 681 3852 est
698 3806 774 3852 cum
790 3785 874 3867 aliis,
900 3787 956 3872 qui
971 3789 1129 3872 podmata
1144 3786 1364 3853 condidemnt
1380 3789 1493 3853 aetate

463 4053 481 4122 ¹)
500 4052 585 4106 Rhet.
598 4051 624 4117 3,
636 4051 662 4105 6.

460 4140 481 4210 ²³)
501 4140 529 4196 O.
542 4139 578 4194 23
596 4139 646 4195 cfr.
660 4140 737 4194 Beda
756 4157 800 4210 ap.
814 4139 896 4195 Halm
916 4157 961 4211 pg.
974 4139 1036 4206 609,
1048 4140 1071 4195 1.

460 4229 482 4297 ³)
501 4228 532 4282 L.
546 4245 603 4283 ss.
617 4229 643 4281 11
660 4229 676 4297 ξ
695 4228 766 4294 23,7
786 4231 816 4283 et
833 4228 860 4283 8.

462 4317 482 4386 ⁴²)
502 4317 552 4372 nd.
568 4318 651 4388 Prop.
664 4317 689 4383 2,
700 4318 735 4371 24
753 4321 784 4373 et
801 4317 845 4373 25.

460 4407 482 4476 ὅ)
501 4406 532 4463 L.
547 4422 569 4462 s.
582 4422 604 4461 s.
624 4423 669 4477 pg.
681 4406 742 4462 499.
