3600 5334
749 628 973 693 ..73-

300 804 394 870 illum
417 824 504 890 quae
526 803 629 870 latius
652 806 802 891 pateant,
833 825 932 870 nemo
964 805 1096 892 estqui
1125 808 1234 887 neget
1272 804 1360 870 Nam
1383 809 1423 872 ut

300 909 443 977 illustria
454 931 637 993 sumamus,
650 912 806 979 Mareotes
821 915 856 976 et
867 912 999 979 Pharus
1011 912 1201 998 Aegyptum
1217 911 1420 997 significant,

301 1020 440 1083 exstant
462 1038 520 1104 pro
537 1015 634 1084 domo
657 1020 788 1103 utrium,
812 1039 871 1105 pro
887 1018 1017 1105 porticu
1040 1022 1220 1101 colamnam
1243 1018 1287 1084 ad
1310 1022 1419 1085 totum

301 1144 427 1191 annum
444 1123 687 1207 designandum
702 1128 908 1212 usurpantur
924 1127 1039 1193 berrao
1054 1129 1090 1192 et
1108 1133 1296 1210 arctumque,
1320 1147 1421 1213 quam

301 1229 431 1297 dicendi
453 1232 617 1297 rationem
641 1231 730 1319 apud
753 1231 935 1315 Vergilium
960 1253 1028 1298 non
1051 1232 1213 1301 invenias.
1248 1231 1421 1300 Kalendae

301 1338 393 1425 apud
407 1336 594 1405 Martialem
618 1337 707 1405 idem
730 1341 811 1405 sunt
834 1360 874 1405 ac
895 1343 1014 1408 melleis
1037 1342 1072 1406 et
1094 1342 1204 1408 euersis
1225 1342 1337 1406 totum
1360 1361 1421 1406 an·

300 1465 381 1510 num
405 1442 555 1529 denotat,
588 1445 631 1512 ab
655 1445 771 1512 eodem
795 1448 969 1532 praeterea
999 1446 1204 1513 collocantur
1223 1467 1281 1534 pro
1305 1450 1423 1514 statua

301 1551 446 1638 equestri
468 1575 577 1636 equos
608 1572 667 1638 pro
690 1553 791 1618 vinea
807 1556 941 1637 pomer,
969 1572 1026 1638 pro
1050 1552 1229 1639 elephanto
1252 1556 1340 1637 deus,
1363 1575 1421 1640 pro

300 1679 386 1745 equo
401 1661 535 1745 tragula,
558 1679 616 1745 pro
632 1658 796 1725 matribus
812 1682 979 1743 mannae,
1002 1680 1061 1745 pro
1077 1680 1209 1746 corpore
1224 1662 1318 1728 lutus.
1352 1660 1422 1727 Nec

299 1765 411 1831 minus
426 1764 577 1831 hocloco
601 1764 889 1832 commemoranda
912 1769 993 1832 sunt
1016 1786 1068 1847 ea,
1092 1787 1179 1852 quae
1202 1765 1247 1832 ad
1266 1769 1421 1854 metony-

300 1872 401 1938 miam
425 1892 557 1958 quoque
579 1871 694 1938 referri
708 1875 859 1959 possunt,
883 1871 979 1938 velut
1001 1873 1220 1939 inveniuntur
1239 1894 1297 1960 pro
1320 1873 1420 1938 muli·
1451 1866 1460 1879 '

300 1978 412 2044 eribus
430 1977 567 2045 lascivis
582 1980 693 2064 marri,
716 1999 774 2065 pro
791 1979 975 2063 virginibus
991 1978 1045 2045 vel
1067 1980 1295 2047 meretricibus
1310 1978 1420 2063 iidem,

300 2105 358 2171 pro
381 2083 537 2151 helluoue
557 2089 646 2171 gulo,
670 2085 799 2152 similia
838 2088 949 2171 Atque
973 2087 1076 2153 etiarn
1099 2087 1206 2153 rarius
1230 2085 1319 2173 apud
1335 2088 1421 2154 Ver-

299 2190 413 2275 gilium
437 2195 614 2259 occurrunt
643 2191 810 2260 adiectiva
832 2213 891 2279 per
913 2193 1001 2260 hane
1024 2194 1255 2281 synecdochae
1278 2193 1422 2261 formam

299 2295 535 2384 intellegenda,
567 2298 664 2366 velut
694 2300 898 2369 Tartesiacum
931 2300 1017 2366 idern
1053 2300 1146 2366 valet
1180 2321 1220 2366 ac
1253 2300 1420 2386 Baeticus,

304 2406 463 2492 Odrysiae
486 2408 521 2472 et
541 2407 671 2475 Geticae
693 2427 751 2493 pro
772 2406 942 2491 Thracius,
963 2409 1162 2492 Gangeticus
1183 2427 1242 2493 pro
1265 2405 1421 2474 Indiacus

300 2515 479 2597 ponuntur,
503 2514 708 2598 Mareoticae,
729 2515 958 2599 Paraetonius,
974 2514 1206 2599 Memphiticus,
1226 2514 1421 2600 Memphitis,

301 2619 457 2704 bilicum,
473 2619 600 2705 Nr'lotre,
616 2621 763 2688 Pharius
785 2621 874 2687 idem
897 2620 1091 2703 significant
1107 2622 1209 2706 atque
1225 2620 1420 2706 Aegyptius.

301 2723 447 2804 Quorum
473 2746 540 2792 non
569 2725 663 2792 nulla
685 2730 757 2793 tam
786 2726 1000 2810 singulariter
1023 2727 1227 2810 dictasunt,
1259 2731 1308 2812 ut,
1339 2727 1420 2813 quin

237 2858 241 2867 ·
300 2829 462 2898 Martialis
492 2833 624 2916 ingenio
648 2831 845 2916 debeantur,
877 2831 1023 2898 dubitari
1053 2853 1120 2899 non
1144 2834 1266 2919 possit3
1297 2832 1356 2898 sed
1379 2833 1420 2900 de

300 2938 353 3003 his
375 2937 464 3005 inira
486 2938 741 3027 disputabimus.

389 3044 572 3113 Videamus
594 3067 694 3130 nunc,
718 3066 800 3112 num
823 3045 858 3110 in
882 3044 1020 3112 alterius
1043 3045 1166 3132 speciei
1189 3046 1420 3134 synecdochae

300 3172 364 3216 usu
388 3149 505 3218 eadem
528 3151 709 3219 similitudo
740 3151 830 3239 apud
860 3156 1040 3239 utrumque
1062 3156 1199 3240 poetam
1228 3155 1420 3241 reperiatur.

300 3258 412 3344 Atque
434 3261 474 3324 ut
496 3257 664 3325 ordiamur
686 3282 707 3327 a
729 3259 841 3342 rebus,
865 3280 1007 3346 quarum
1029 3260 1081 3326 vis
1105 3261 1229 3327 normis
1253 3259 1420 3327 excellen-

300 3362 402 3446 tibus,
426 3384 513 3451 quae
536 3365 571 3430 in
594 3365 634 3430 iis
659 3371 748 3450 sunt,
772 3365 940 3450 delinitur,
963 3366 1167 3434 monendum
1190 3367 1323 3433 videtur
1346 3387 1420 3433 esse

301 3472 405 3538 orbem
438 3472 545 3536 rarius
576 3471 665 3556 apud
693 3472 875 3556 Vergilium
906 3472 996 3540 idem
1026 3472 1138 3540 valere
1173 3476 1276 3559 atque
1307 3472 1420 3538 orbem

299 3577 462 3641 terrarum
493 3576 549 3641 vel
581 3580 704 3642 terram
735 3579 790 3645 vel
821 3580 993 3646 mundum.
1038 3581 1130 3646 Haec
1164 3582 1280 3645 autem
1313 3577 1420 3644 habes

300 3677 469 3764 exempla:
503 3679 713 3765 A.V11224‚
748 3683 882 3769 Xl257,
917 3686 1064 3752 xllroe.
1109 3685 1179 3753 Nec
1213 3705 1292 3752 vero
1326 3686 1419 3751 notio

300 3781 427 3869 speculi
449 3803 511 3849 neo
532 3803 671 3851 mensae
693 3786 858 3855 rotundae
882 3791 1035 3857 subiecta
1058 3795 1111 3858 est
1134 3813 1155 3858 a
1175 3789 1319 3875 Vergilio
1343 3791 1421 3856 huic

300 3887 497 3972 vocabulo.¹l
544 3891 670 3971 Aequor
705 3895 818 3957 autem
853 3895 988 3979 saepius
1020 3918 1078 3982 pro
1113 3900 1197 3964 mari
1227 3920 1249 3964 a
1276 3897 1420 3981 Vergilio

300 3997 449 4082 ponitur:
481 3998 519 4062 Α.
541 3993 646 4078 1511,
670 3995 809 4079 1V5243
841 3996 878 4063 G.
902 4000 1007 4084 1327,
1035 4001 1210 4086 permultis
1234 4003 1308 4069 aliis
1330 4002 1420 4070 lucie.

389 4102 487 4170 Nunc
516 4105 729 4168 transeamus
764 4101 808 4167 ad
843 4124 884 4168 aa
918 4104 1031 4188 verba,
1067 4127 1154 4191 quae
1185 4129 1243 4194 pro
1278 4129 1313 4175 re
1347 4111 1421 4196 ipsa

300 4211 486 4293 materiam,
511 4229 613 4294 equa
627 4208 685 4275 illa
708 4206 862 4274 confecta
884 4211 947 4291 est,
971 4210 1156 4276 nominant.
1194 4214 1308 4280 Robur
1330 4215 1420 4279 enirn

391 4441 411 4510 ¹)
430 4439 511 4496 Orbis
528 4440 602 4494 idem
621 4445 666 4494 est
683 4441 770 4511 atque
788 4438 863 4494 orbis
882 4438 952 4494 solis
970 4439 1003 4494 G.
1016 4438 1099 4494 1459.
