3600 5334
848 669 1071 732 -14-

398 845 528 912 ratione
552 847 757 931 usurpantur
773 866 874 931 quam
891 845 1099 928 grammatici
1114 847 1239 911 vocant
1261 845 1436 930 poeticam,
1462 849 1523 912 aut

398 974 439 1019 ea
450 973 552 1039 quam
569 952 742 1039 appellant
756 951 956 1035 generalem.
971 990 1016 999 -
1031 953 1080 1018 Ac
1095 951 1238 1038 primum
1250 951 1384 1037 quidem
1400 950 1441 1017 de
1456 951 1522 1018 illle

399 1059 556 1125 dicamus.
594 1058 702 1124 Exeat
726 1063 841 1125 autem
864 1060 948 1125 haee
969 1058 1151 1144 disputatio
1173 1080 1194 1124 a
1213 1058 1334 1144 plurali
1356 1058 1520 1143 poetico.¹)

399 1165 505 1246 Quem
521 1167 653 1231 exstare
671 1166 875 1232 censendum
895 1168 958 1247 est,
982 1165 1041 1230 ubi
1057 1186 1132 1231 cum
1155 1165 1190 1230 in
1209 1185 1308 1250 prosa
1326 1165 1421 1250 poesi
1435 1185 1520 1230 non·

399 1272 478 1339 dum
501 1272 628 1338 iniecta
659 1272 838 1339 collocatur
866 1270 1054 1354 singularis,
1085 1274 1207 1357 poetae
1230 1270 1393 1356 pluralem
1421 1292 1520 1337 usur·

398 1381 490 1465 pant.
537 1377 601 1459 Qui
622 1378 815 1446 referendus
847 1382 900 1444 est
932 1376 977 1445 ad
1004 1377 1187 1460 singularia
1213 1380 1356 1444 tantum.
1402 1378 1520 1464 Itaque

399 1506 467 1551 non
490 1489 570 1551 sunt
594 1485 885 1551 commemoranda
909 1506 949 1551 ea
969 1483 1151 1567 abstracta,
1177 1476 1270 1570 quae
1288 1484 1429 1550 eandem
1452 1486 1521 1550 vim

399 1595 598 1680 acceperunt
613 1613 653 1658 ac
668 1596 823 1658 concreta
835 1591 929 1658 velut
943 1593 1017 1675 foto
1028 1596 1134 1660 colem
1148 1593 1232 1658 idem
1248 1598 1343 1675 atquc
1355 1593 1520 1675 oraculof)

398 1720 466 1764 non
490 1702 570 1764 sunt
593 1719 635 1764 ea
658 1697 894 1781 enumeranda,
920 1719 1006 1785 quae
1029 1699 1199 1784 pertinent
1226 1696 1269 1763 ad
1293 1698 1396 1764 animi
1419 1699 1520 1763 alteo-

397 1806 522 1871 tionem
554 1806 688 1892 saepius
720 1808 822 1890 atque
852 1806 975 1871 iterum
1003 1807 1232 1891 apparentem,
1268 1824 1337 1870 non
1368 1808 1449 1871 sunt
1479 1826 1522 1870 ea

398 1910 616 1995 congerenda,
641 1933 728 1998 quae
743 1904 909 1978 vocantur
932 1910 976 1977 ad
999 1910 1169 1997 complura
1192 1914 1356 1994 concreta,
1381 1932 1458 1977 cum
1479 1912 1521 1977 iis

399 2018 564 2085 attributa
598 2022 686 2085 sunt.
733 2018 825 2099 Quae
860 2019 983 2102 omnia,
1023 2019 1063 2083 ut
1097 2018 1348 2084 accuratissime
1383 2018 1521 2104 exponit

398 2124 658 2208 Lebreton‚⁸)
675 2125 729 2191 vel
753 2147 774 2190 a
790 2125 944 2192 Cicerone
964 2126 1000 2191 in
1015 2124 1135 2212 plurali
1154 2127 1333 2210 ponuntur.
1373 2123 1440 2190 Sed
1455 2124 1521 2190 huo

399 2234 556 2318 spectant
587 2252 636 2314 ea,
668 2253 754 2319 quae
777 2233 947 2317 proferens
977 2235 1080 2318 potita
1103 2232 1229 2314 cogitat
1260 2229 1300 2297 de
1324 2252 1394 2297 una
1418 2231 1520 2296 animi

400 2337 629 2422 commotione,
643 2339 730 2405 sicut
742 2339 832 2425 apud
843 2338 930 2404 Mar
939 2341 972 2404 ti
981 2337 1103 2423 alem,
1119 2342 1158 2403 ut
1169 2336 1312 2403 illustria
1325 2337 1519 2421 afferamus,

399 2448 536 2511 exstant
558 2446 707 2529 fastidita:
730 2446 836 2531 13,3;
858 2445 934 2510 XIII
952 2446 1047 2529 17,1;
1070 2447 1193 2531 guadio
1208 2443 1269 2509 VH
1281 2445 1356 2529 5,2;
1375 2444 1433 2510 VH
1445 2446 1520 2530 6,5;

398 2551 473 2618 VIII
496 2554 548 2637 55,
565 2554 618 2638 12;
641 2552 687 2618 IX
710 2554 811 2636 36,2;
835 2555 943 2620 toedio
967 2551 996 2616 II
1019 2552 1118 2635 61‚4;
1142 2551 1186 2616 HI
1209 2553 1240 2634 4,
1254 2553 1283 2617 6.

488 2676 561 2756 Qua
584 2676 624 2744 de
648 2699 753 2744 causa
776 2681 891 2744 autem
913 2677 950 2743 in
972 2676 1025 2741 his
1049 2679 1169 2762 po'e'tae
1185 2676 1424 2763 usurpaverint
1446 2675 1519 2761 plu-

397 2783 511 2867 ralem,
546 2786 613 2851 iam
648 2784 706 2850 diu
740 2784 829 2852 docti
861 2785 1149 2850 examinaverunt.
1195 2785 1306 2870 Atque
1338 2783 1518 2868 Spitta⁴)

399 2891 577 2975 ‚affectus‘,
605 2893 723 2977 inquit,
749 2912 862 2977 ,quum
892 2893 988 2975 ratio,
1022 2911 1089 2976 qua
1117 2892 1264 2956 emicant
1295 2892 1331 2955 et
1358 2890 1455 2975 quasi
1484 2890 1520 2953 in

398 3001 614 3084 conspectum
633 2997 825 3083 procedunt,
849 3002 1004 3063 accurate
1024 2996 1228 3084 respondent
1247 2996 1396 3083 ipsorum
1416 2996 1519 3062 vehe-

397 3105 545 3170 mentiae
562 3125 601 3169 ac
617 3103 722 3186 vigori
737 3125 875 3170 necesse
892 3103 946 3186 sit,
964 3125 1050 3188 eam,
1073 3105 1100 3169 si
1116 3103 1288 3190 pluraliter
1303 3103 1518 3189 usurpantur,

398 3209 581 3276 adsumunt
604 3210 893 3294 significatIonem,
923 3231 1024 3296 quam
1047 3210 1241 3296 adsequeris
1270 3208 1392 3275 additis
1415 3229 1519 3274 voca-

398 3315 486 3382 bulis
501 3316 615 3402 qualia
630 3319 712 3382 sunt
729 3316 825 3400 forte,
846 3318 1041 3400 vehemens,
1066 3337 1177 3400 grave,
1201 3316 1376 3401 fervidum,
1402 3315 1518 3397 altum,

398 3423 486 3489 alia‘.
532 3422 694 3508 Opinatur
717 3425 817 3507 igitur
838 3424 893 3489 ille
922 3424 957 3489 in
981 3425 1032 3490 his
1055 3423 1239 3508 pluralibus
1262 3427 1420 3489 naturam
1444 3444 1519 3488 esse

399 3530 539 3614 epitheti
547 3529 791 3616 ornantisquod
800 3529 926 3596 dieitur.
944 3531 1032 3596 Sunt
1039 3533 1222 3615 praeterea,
1233 3529 1518 3612 utLebreton‚⁶)

488 3780 507 3850 ¹l
527 3779 582 3835 cn.
595 3779 627 3836 u.
640 3779 796 3845 Norden,
810 3780 840 3833 P.
848 3780 932 3848 Verg.
944 3779 1011 3834 Mar.
1023 3780 1092 3836 Aen.
1107 3780 1173 3836 LVI
1187 3796 1287 3835 comm.
1301 3777 1520 3850 (Leipziglooar

397 3885 445 3939 pg.
461 3868 527 3935 3993
555 3869 586 3926 P.
606 3869 726 3934 Meae,
746 3868 864 3924 Studien
889 3884 954 3922 zum
980 3868 1147 3941 poitisehen
1165 3868 1260 3923 Plural
1279 3867 1414 3937 (Woelifl.
1433 3866 1518 3922 Arch.

397 3957 450 4013 Xll
462 3959 523 4024 479,
537 3957 614 4029 599);
633 3959 773 4029 Slotty
790 3958 825 4012 de
837 3958 946 4013 numeri
958 3957 1073 4029 pluralis
1090 3974 1144 4012 usu
1156 3957 1313 4013 Catulliano
1331 3954 1517 4026 ldena1905);

398 4046 581 4103 Bednara
599 4048 617 4102 l.
630 4063 652 4103 s.
665 4064 688 4102 s.
708 4063 753 4118 pg.
766 4047 888 4119 532sqq.

487 4137 508 4205 ²)
529 4135 585 4191 Cir.
603 4135 759 4190 Norden
778 4136 795 4190 l.
809 4152 832 4191 s.
845 4153 867 4192 s.
887 4152 934 4206 pg.
947 4135 1008 4190 135.

488 4224 507 4293 ³)
526 4225 727 4280 Lebreton
752 4225 781 4278 la
805 4225 910 4295 langue
935 4227 965 4280 et
989 4226 1018 4279 la
1042 4222 1210 4293 grammaire
1234 4223 1269 4278 de
1287 4221 1405 4278 ciceron
1431 4221 1519 4291 (Paris

400 4311 478 4383 1901)
496 4329 541 4386 pg.
554 4313 670 4368 38-74.

488 4404 507 4473 ⁴)
527 4403 580 4458 Ph.
594 4403 640 4473 Sp
651 4401 732 4458 itta
750 4403 932 4474 quaestiones
944 4399 1124 4471 Vergilianas
1139 4400 1302 4472 (Sondersh.
1317 4399 1396 4469 1867)
1416 4416 1462 4472 pg.
1474 4398 1519 4453 39.

488 4493 508 4563 ὕ)
528 4492 730 4547 hebreton
748 4493 836 4548 Las.
855 4492 958 4562 pg.37.
