3600 5334
867 583 1069 645 ,4-

406 760 693 846 dominantemve;
718 760 747 826 5.
768 780 826 846 per
849 758 1053 826 efficientem
1076 756 1110 822 id
1133 756 1222 842 quod
1246 756 1403 840 efficitur3
1427 759 1456 822 6.
1472 778 1533 844 per

406 867 442 934 id
466 867 554 955 quod
578 866 723 934 efficitur
744 864 826 932 illud
849 864 939 951 quod
963 863 1101 947 efficit.¹)

499 973 626 1054 Quibus
658 993 700 1038 ex
731 974 887 1038 veterum
917 970 1094 1037 sententiis
1125 969 1366 1056 metonymiam
1397 972 1531 1036 exstare

409 1081 613 1146 censuerunt
648 1078 736 1144 docti
769 1077 961 1143 recentioris
996 1076 1120 1142 aetatis
1155 1077 1343 1161 ubicunque
1379 1078 1439 1141 aut
1472 1097 1531 1162 pro

409 1185 540 1253 effectis
561 1183 745 1250 efficientia
764 1184 919 1269 ponimus
943 1185 1004 1249 aut
1027 1186 1143 1249 contra
1166 1203 1241 1248 oum
1264 1183 1308 1248 ab
1331 1182 1383 1248 his
1407 1181 1451 1248 ad
1473 1181 1533 1247 illa

408 1290 671 1374 transgredimur
692 1290 919 1376 effectumque
941 1310 1063 1355 causae
1087 1289 1159 1355 vice
1175 1289 1418 1354 substituimus.
1448 1282 1532 1369 'Qua

410 1420 452 1464 ex
474 1398 604 1463 ratione
633 1418 674 1463 ea
697 1398 810 1462 omnia
840 1395 884 1463 ad
914 1396 1004 1462 hunc
1034 1398 1167 1481 tropum
1196 1392 1311 1460 referri
1338 1415 1407 1460 non
1433 1416 1533 1481 posse

409 1503 501 1570 haud
513 1503 704 1586 negandum
716 1506 778 1587 est,
796 1503 853 1568 ubi
868 1522 927 1589 pro
940 1501 1141 1585 hominibus,
1156 1501 1212 1587 qui
1223 1501 1351 1565 flumen
1364 1500 1532 1586 quoddam
1666 1508 1669 1513 ’

410 1610 575 1695 accolunt,
607 1609 642 1675 id
668 1610 778 1696 ipsum
802 1609 1004 1691 nominatur,
1036 1607 1131 1675 velut
1161 1629 1183 1674 a
1205 1606 1413 1673 Martiale
1435 1606 1534 1672 Nilus

411 1718 554 1784 sumitur
576 1737 635 1804 pro
658 1715 894 1782 Alexandrinis
916 1714 971 1782 vel
985 1714 1159 1802 Aegyptiis
1174 1714 1219 1779 Ill
1235 1715 1288 1795 63,
1302 1714 1336 1797 53
1358 1713 1436 1779 XIV
1454 1713 1532 1797 1153

410 1825 550 1891 Rhenus
571 1844 629 1909 pro
646 1821 777 1888 Chattis
798 1821 855 1888 vel
871 1820 1172 1906 GermanisH2,3;
1193 1820 1329 1905 V37‚8;
1350 1818 1534 1904 V11111,1;

410 1931 456 1995 IX
478 1931 555 2015 1‚3;
579 1931 657 2013 6‚1;
689 1928 804 1994 Hister
831 1949 890 2015 pro
922 1929 1084 1994 Sarmatis
1107 1927 1183 1993 VIII
1206 1929 1237 2011 2,
1251 1929 1281 1995 2.
1328 1927 1400 2007 Quo
1432 1927 1530 1993 modo

412 2057 488 2102 cum
511 2035 718 2122 metonymia
741 2035 919 2118 angustius
942 2037 1069 2121 pateat,
1101 2037 1258 2101 naturam
1282 2036 1354 2100 eius
1376 2032 1535 2098 Linds·

409 2143 616 2225 kogiumq
645 2142 750 2208 secuti
774 2142 964 2208 accuratius
988 2141 1189 2208 definiamus
1213 2162 1350 2207 necesse
1379 2143 1438 2206 est
1484 2139 1535 2204 Ex

411 2250 452 2315 iis
484 2251 608 2331 autem,
644 2269 731 2334 quae
766 2246 809 2314 ad
841 2247 943 2313 hrrius
977 2248 1064 2334 tropi
1094 2248 1184 2334 apud
1214 2246 1401 2313 Martialem
1435 2268 1535 2313 usum
1663 2326 1666 2331 1

410 2353 647 2421 illustrandum
668 2354 707 2421 R.
722 2354 920 2437 Fenger³l
946 2355 1114 2438 congessit
1141 2357 1176 2420 et
1198 2375 1285 2440 quae
1308 2353 1371 2440 ipsi
1395 2375 1437 2419 ex
1460 2353 1536 2419 aliis

411 2461 520 2550 pottis
552 2461 785 2547 excerpsimus,
818 2461 1060 2549 metonymiam
1090 2460 1164 2526 fieri
1197 2459 1353 2544 dicemus²
1389 2461 1418 2526 si
1449 2460 1535 2525 duae

413 2589 467 2634 res
482 2569 572 2634 inter
582 2589 631 2645 ‚se
648 2567 873 2655 conferantur,
898 2589 1040 2654 quarum
1056 2567 1163 2633 altera
1178 2588 1246 2633 non
1262 2567 1424 2653 irrumpat
1440 2567 1537 2652 quasi

410 2676 448 2741 in
472 2674 609 2741 alterius
632 2673 730 2758 tinea,
755 2673 814 2741 sed
831 2674 1076 2761 quodammodo
1101 2677 1197 2740 extra
1215 2673 1291 2740 illos
1314 2676 1364 2740 ita
1383 2676 1535 2756 vagetur,

414 2784 454 2848 ut
476 2802 546 2847 una
568 2802 602 2847 re
627 2780 723 2847 alteri
746 2781 790 2846 sit
805 2781 948 2847 finitima
971 2803 1011 2847 ac
1033 2780 1232 2869 propinqua;
1255 2779 1344 2847 unde
1367 2801 1429 2847 nos
1450 2801 1537 2867 quae

414 2888 501 2953 ratio
524 2888 612 2953 inter
634 2890 766 2974 tropum
790 2888 1028 2975 notionemque
1051 2889 1217 2975 propriam
1239 2885 1426 2954 intercedat
1449 2888 1537 2969 cogi·

415 2996 529 3060 tantos
553 2995 651 3079 quasi
672 2993 812 3060 limitem
834 2994 1022 3077 transgredi
1044 2995 1256 3081 perspicuum
1279 2996 1340 3059 est.

506 3099 572 3165 Sed
594 3098 679 3165 haec
693 3100 867 3166 hactenus
910 3102 963 3167 Ad
980 3100 1300 3189 synecdochem
1316 3103 1539 3166 transeamus.

417 3207 525 3287 Quam
540 3207 575 3271 in
590 3205 751 3292 plurimas
764 3207 891 3294 species
907 3204 1537 3287 dividitPseudo-Plutarchus⁴)‚

417 3313 511 3378 cuius
529 3313 569 3378 de
584 3312 648 3379 hoc
664 3315 759 3399 tropo
775 3314 880 3380 verba
892 3313 1034 3401 exempli
1048 3334 1151 3378 causa
1163 3330 1419 3378 commemorare
1430 3309 1538 3375 hceat.

419 3418 483 3500 Qui
506 3421 695 3503 σονεκὸοχή,
719 3420 837 3505 inquit,
863 3421 1006 3485 ἀπὸτοῦ
1034 3421 1156 3502 κυρίως
1179 3420 1415 3501 σημαινομένου
1432 3417 1541 3499 ἕτερόν

417 3550 445 3589 τι
467 3531 531 3590 τῶν
554 3525 618 3589 ὑπὸ
648 3526 684 3590 τὸ
716 3527 793 3590 αὐτὸ
815 3529 910 3609 γένος
940 3529 1043 3591 ὄντων
1073 3530 1257 3607 παριοτᾶσα,
1286 3520 1404 3588 deinde
1436 3543 1540 3587 unam

418 3629 560 3697 formam
587 3630 722 3718 profert,
755 3633 898 3697 ἀπὸτοῦ
923 3634 1000 3696 ὅλου
1023 3631 1059 3695 τὸ
1081 3633 1181 3714 μέρος
1203 3627 1298 3695 velut
1322 3627 1421 3709 (Iliad.
1442 3628 1461 3695 l.
1476 3629 1540 3697 XII

418 3759 449 3804 v.
473 3740 545 3821 137)
576 3740 657 3823 βόας
687 3741 776 3813 αὔας,
808 3736 841 3803 id
873 3735 963 3823 quod
993 3736 1081 3802 idem
1107 3735 1223 3803 valeat
1250 3746 1352 3822 atque
1383 3737 1447 3801 ἀπὸ
1474 3744 1542 3801 τῶν

418 3848 508 3929 βοῶν
537 3846 594 3918 τὰς
622 3847 754 3931 βύρσας,
787 3847 823 3919 ἕξ
845 3843 893 3910 ὧν
917 3846 1053 3918 ἀσπίδες,
1078 3846 1195 3928 δηλοῦν
1218 3845 1372 3927 βούλεται,
1400 3844 1540 3910 alteram

511 4024 530 4091 ¹)
551 4022 627 4088 Quas
640 4023 753 4094 quidem
771 4024 868 4093 partes
886 4020 1053 4076 nominafim
1073 4023 1295 4077 commemorant
1308 4020 1498 4075 Charisius
1511 4022 1544 4074 et

420 4110 611 4165 Sacerdos

511 4198 756 4270 Mhsaffll

511 4288 531 4358 ³)
550 4286 593 4342 De
610 4287 802 4359 metonymiae
825 4288 854 4342 in
879 4287 1090 4359 epigrammatis
1115 4287 1250 4343 Martialis
1274 4304 1328 4342 usu
1353 4287 1435 4357 (dena
1455 4285 1544 4355 redet.

511 4375 530 4446 4)
550 4376 593 4431 De
612 4376 672 4431 vlta
691 4379 720 4431 et
738 4377 817 4448 poesi
836 4377 949 4433 Homeri
967 4376 1045 4433 1122.
