3600 5334
758 662 982 729 -51-

316 842 452 927 tripiata
482 842 564 908 moiri
586 847 800 926 mmttaorqae
830 863 945 909 messer
972 849 1083 925 tecam,
1113 842 1438 928 amministrare,

317 948 385 1016 Iati
407 947 468 1013 XII
487 947 541 1032 34,
561 949 578 1012 1
601 951 635 1014 et
655 948 685 1014 2.

405 1054 607 1140 Saepissime
631 1075 653 1120 a
667 1053 820 1121 Martiale
837 1056 952 1124 mama
968 1058 1253 1140 commemoratur,
1277 1054 1335 1122 ubi
1349 1054 1438 1123 idem

316 1159 409 1227 valet
424 1165 528 1248 atque
543 1181 654 1228 annus
669 1163 776 1228 totus:
793 1169 894 1230 acam
911 1166 1073 1232 terdenas
1083 1166 1264 1244 aameravi,
1276 1166 1436 1247 Postume,

316 1267 1438 1356 erammlvdo,5;aaaaamampeaa...qaaaaax104,9et10.

403 1374 574 1441 Interdum
601 1376 695 1462 ipsae
723 1376 804 1442 anni
831 1379 945 1463 partes
975 1397 1034 1464 per
1061 1378 1357 1444 commutationem
1383 1377 1438 1443 iu·

315 1481 528 1565 tellegrmtur,
550 1482 650 1549 sicut:
674 1505 747 1552 cam
762 1484 877 1551 maara
892 1505 1032 1551 mensem
1046 1487 1090 1552 sit
1105 1485 1163 1552 tibi
1178 1507 1241 1569 per
1256 1487 1440 1564 Apamiam

314 1588 359 1654 III
382 1590 531 1673 93‚16,1)
554 1590 574 1657 i
596 1611 623 1656 e.
643 1589 764 1672 hiems3
789 1592 963 1659 Heracleas
985 1592 1073 1659 colles
1102 1593 1208 1677 pelato
1236 1612 1291 1658 ooo
1320 1594 1438 1659 aiaeite

314 1697 428 1766 drama
448 1694 493 1760 IV
509 1696 562 1778 57,
576 1697 610 1780 9;
633 1699 806 1781 impletura
826 1695 895 1777 fait
916 1704 1024 1764 secatae
1046 1700 1138 1765 modo
1156 1698 1284 1782 tripora
1307 1698 1439 1766 tramae

314 1801 461 1887 V34,5;
492 1811 529 1871 ta
550 1806 722 1872 Romanae
748 1805 858 1872 iucem
883 1803 952 1871 iam
974 1806 1081 1871 cedere
1108 1804 1241 1871 mamae
1263 1801 1309 1869 Vl
1332 1803 1385 1887 80,
1403 1804 1437 1888 9;

315 1917 344 1977 te
374 1911 420 1977 bis
442 1912 581 1979 decimae
607 1917 833 1979 aameraatem
858 1912 986 1997 pipere
1014 1911 1146 1979 dammae
1169 1909 1350 1997 vl165,1;
1382 1913 1440 1978 aar

312 2018 493 2102 festinatas,
520 2018 646 2101 Caeam,
679 2019 738 2086 tibi
765 2017 879 2087 drama
909 2039 1042 2086 caream
1069 2016 1144 2084 XIII
1166 2018 1243 2102 1273
1271 2020 1328 2103 pai
1349 2020 1438 2086 vear't

315 2124 437 2194 dotatas
460 2125 582 2192 mediae
605 2125 663 2193 tibi
685 2131 823 2208 tempore
845 2125 978 2193 mamae
1000 2123 1079 2190 XIV
1095 2125 1146 2192 72.

401 2230 581 2299 Praeterea
615 2230 657 2297 ad
693 2251 844 2297 mensem
873 2233 984 2298 totum
1019 2230 1264 2314 designandum
1299 2234 1437 2300 exstant

314 2336 500 2406 Kalendae:
512 2337 714 2406 traacieraat
726 2339 819 2406 bimae
830 2340 946 2423 farsam
958 2340 1103 2406 trinaeve
1113 2340 1284 2407 Katacdae
1294 2337 1326 2403 X
1339 2339 1391 2421 75,
1404 2341 1437 2423 7;

314 2447 477 2514 iaterdam
499 2448 642 2514 aureolos
665 2466 769 2512 marm
789 2453 964 2529 crepantes,
988 2447 1115 2530 posciat
1137 2448 1251 2514 dacae
1274 2447 1331 2530 pai
1352 2449 1437 2513 daas

316 2551 483 2619 Kalendas
504 2550 565 2617 XII
587 2551 640 2634 36,
656 2552 677 2617 3
694 2553 729 2617 et
745 2552 775 2633 4,
799 2550 819 2616 i.
836 2571 864 2617 e.
881 2551 966 2617 duos
989 2552 1157 2634 menses²l

402 2656 468 2724 Sed
483 2678 573 2723 nunc
588 2658 795 2744 propositum
818 2659 871 2723 est
886 2657 983 2724 nobis
1006 2677 1116 2744 pauca
1131 2656 1286 2744 exempla
1301 2655 1433 2739 addere,

313 2784 409 2850 quac,
431 2784 624 2851 quanquam
648 2764 711 2830 sub
728 2762 870 2831 eandem
885 2764 1050 2829 rationem
1070 2763 1205 2848 cadunt,
1229 2784 1297 2830 non
1313 2761 1436 2829 similia

313 2873 393 2937 suut
410 2891 532 2955 eorum,
548 2892 635 2958 quae
648 2891 751 2956 supra
762 2869 1104 2936 commemoravimus.
1134 2870 1233 2956 Apud
1247 2869 1437 2935 Martialem

313 2978 399 3043 euim
432 2978 592 3065 scriptum
621 2976 789 3045 videmus:
819 2985 895 3046 arete
926 2999 1020 3062 equos
1049 2999 1158 3045 ommes
1182 2976 1258 3042 VIII
1280 2977 1371 3058 44,6
1401 2975 1436 3041 id

314 3083 401 3169 quod
424 3084 510 3151 idem
533 3085 627 3152 valet
650 3087 752 3172 atque
776 3089 904 3152 ‘omnes
928 3086 1062 3151 statuas
1086 3085 1304 3171 equestres’.⁸)

401 3336 420 3405 ¹)
439 3335 557 3407 Propria
569 3334 643 3389 illius
652 3335 784 3390 vocabuli
794 3334 967 3406 significatio
980 3351 1015 3389 ex
1028 3334 1072 3388 his
1085 3333 1188 3388 elucet:
1197 3337 1261 3404 poet
1270 3330 1432 3389 Nooeeabreo

309 3423 465 3480 immineate
481 3426 541 3481 iam
559 3425 656 3480 meana
673 3424 711 3478 III
728 3423 771 3490 58,
784 3425 814 3491 8;
840 3424 937 3480 bracara
955 3428 994 3479 eet
1011 3428 1037 3479 et
1054 3423 1126 3495 ripet
1143 3422 1271 3478 horridae
1288 3422 1434 3478 December

311 3512 416 3579 111195,
429 3513 454 3579 1;
476 3514 621 3570 December
638 3514 733 3584 lampae
750 3517 775 3568 et
786 3514 897 3568 madero
916 3514 1014 3569 bmaaa
1032 3513 1081 3582 (sc.
1095 3511 1174 3567 triste
1184 3511 1279 3581 seipas
1296 3511 1431 3580 eateadatl

310 3600 337 3654 X
354 3601 379 3664 5,
393 3603 426 3670 6,·
450 3618 516 3657 vere
534 3603 723 3673 metonymice
747 3603 791 3656 est
815 3602 892 3656 dicta
910 3601 1016 3666 oram,
1041 3617 1106 3656 cum
1128 3616 1179 3670 pro
1205 3599 1305 3654 hiemis
1329 3599 1433 3669 frigore

311 3691 418 3742 exstat:
433 3689 542 3758 pallida
558 3707 592 3745 ae
612 3689 723 3746 Oiicam
741 3690 853 3746 tiracaat
867 3690 998 3761 pomaria
1015 3689 1142 3745 mamam
1160 3687 1222 3742 VIII
1237 3688 1318 3755 14,1;
1337 3688 1432 3744 iapida

309 3791 460 3844 purpureos
476 3781 544 3830 arat
560 3794 594 3831 ae
612 3778 709 3833 mama
725 3795 842 3835 racanas
859 3778 924 3833 VIII
940 3779 984 3843 68,
997 3777 1023 3834 3.

400 3861 419 3931 ¹)
439 3861 510 3916 'l'um
530 3863 576 3917 hio
600 3864 679 3919 locus
697 3866 886 3936 metonymice
904 3865 1111 3935 intellegendus
1130 3867 1188 3930 est3
1213 3881 1281 3919 nam
1299 3865 1370 3921 haec
1388 3869 1432 3922 eet

310 3950 465 4006 sententia:
492 3951 597 4005 nummi
623 3952 772 4008 cotidianis
795 3954 914 4008 duomm
938 3954 1076 4008 mensium
1094 3952 1253 4021 sumptibus
1277 3956 1433 4023 suppetunt

310 4040 372 4112 (alr.
391 4040 544 4109 Fungar
561 4038 579 4094 l.
592 4056 615 4094 s.
628 4056 650 4096 s.
669 4041 780 4110 pg.38).

401 4131 421 4201 ⁸)
440 4130 528 4185 AddiI
550 4130 606 4184 hoc
630 4129 694 4184 loco
713 4128 917 4198 Lindskog
936 4130 1071 4200 exempla,
1096 4127 1190 4199 qualia
1214 4132 1292 4183 sunt:
1317 4129 1433 4187 Italiam

306 4221 423 4292 coacepit
452 4224 477 4275 et
498 4220 595 4286 ‚Arma
618 4218 772 4289 Virampae‘
791 4217 855 4272 VIII
876 4217 981 4283 58,18;
1008 4235 1042 4273 ae
1068 4217 1180 4273 amabas
1203 4218 1309 4289 positio,
1336 4219 1435 4285 ,Anao

315 4308 468 4379 Vrmmpae‘
493 4311 568 4380 Iopas
591 4307 654 4364 XIV
668 4308 729 4364 185.
764 4306 824 4361 Nec
848 4310 946 4362 tamen
965 4321 1017 4360 nos
1040 4305 1187 4361 referimus
1211 4302 1261 4362 illa
1279 4307 1316 4363 ad
1334 4324 1432 4379 synec-

311 4397 440 4454 dochem.
477 4398 549 4453 Nam
574 4412 637 4453 cum
662 4413 719 4451 non
744 4394 843 4451 eadem
861 4394 979 4459 ratione,
1009 4411 1065 4465 qua
1083 4399 1179 4451 mma
1201 4396 1356 4451 collocatur
1379 4413 1431 4467 pro

310 4485 403 4554 domo,
427 4487 445 4541 i.
464 4502 488 4542 e.
506 4503 572 4558 pars
597 4489 739 4557 prototo,
761 4482 860 4539 ‘Arma
883 4480 1046 4552 vicumque',
1075 4483 1152 4555 quod
1179 4487 1223 4539 est
1250 4484 1430 4555 primordium
