3600 5334
839 657 1062 721 -36..

391 838 467 902 tum
489 834 641 922 propriae
666 833 922 917 significationis
945 832 1133 915 interlucet,
1157 835 1197 899 ut
1219 839 1335 920 tropus
1359 834 1514 901 consulto

392 943 524 1029 positus
552 940 728 1007 videatur.
775 939 841 1007 Sed
864 960 926 1006 nos
951 938 994 1006 ad
1017 960 1091 1005 eam
1115 940 1319 1006 sententiam
1341 961 1410 1007 non
1433 962 1512 1028 pos-

392 1069 509 1113 sumus
540 1046 706 1114 accedere.
758 1045 846 1112 Nam
876 1045 968 1112 nullo
999 1045 1095 1113 modo
1131 1050 1245 1132 tropos
1278 1047 1511 1129 nanciscimur,

390 1154 457 1220 nisi
479 1156 599 1240 poetae
614 1152 821 1220 translaticio
838 1151 961 1219 dicunt.
999 1153 1102 1219 Recte
1119 1152 1238 1219 idcirco
1255 1152 1481 1233 Quintilianus
1488 1157 1511 1235 ¹)

392 1261 489 1326 docet
511 1264 644 1346 tropum
669 1279 742 1326 esse
765 1259 859 1326 verbi
883 1259 939 1325 vel
962 1260 1123 1325 sermonis
1147 1280 1169 1324 a
1190 1259 1322 1346 propria
1345 1260 1511 1342 significa·

390 1368 482 1433 tione
513 1367 548 1432 in
579 1365 679 1432 aliam
710 1369 796 1432 ‘cum
822 1367 957 1432 virtutc’
981 1366 1211 1432 mutationem.
1257 1366 1375 1452 Itaque
1399 1368 1512 1434 omnia

391 1472 563 1556 eiusmodi,
596 1494 682 1559 quae
710 1475 745 1539 in
769 1471 907 1538 dubium
930 1473 1043 1539 vocari
1065 1475 1217 1559 possunt,
1241 1472 1284 1539 ab
1307 1472 1372 1539 hac
1395 1472 1510 1561 dispu-

390 1580 520 1646 tatione
543 1580 747 1646 secernenda
770 1600 845 1645 esse
869 1599 1054 1645 censemus.

477 1689 590 1773 Atque
613 1686 761 1773 inprimis
785 1687 918 1752 animus
942 1688 996 1751 est
1018 1684 1246 1752 attendendus
1269 1684 1313 1751 ad
1336 1686 1510 1772 vocabula,

389 1814 609 1880 quaecunque
639 1793 826 1859 membrum
855 1795 1030 1878 partemve
1054 1792 1197 1878 corporis
1220 1791 1424 1859 nominando
1447 1793 1510 1859 ho-

389 1901 512 1966 minem
542 1901 652 1987 ipsum
683 1898 884 1982 significant.
940 1898 1093 1965 Subicias
1124 1919 1249 1985 quaeso
1281 1899 1385 1965 oculis
1416 1899 1509 1983 haec,

390 2029 477 2093 quae
502 2028 523 2072 a
545 2005 698 2072 Martiale
727 2007 970 2092 excerpsimus:
1001 2009 1195 2074 cimmerium
1208 2010 1304 2074 tanti
1326 2014 1380 2092 est,
1403 2014 1441 2074 ut
1455 2061 1462 2074 .
1478 2061 1509 2074 ..

389 2114 514 2181 arbaco
543 2117 659 2182 releves
686 2115 764 2182 collo
780 2120 917 2198 pacata
940 2115 1015 2199 iope
1037 2111 1069 2176 X
1088 2113 1169 2195 12,5
1185 2133 1265 2199 sqq,
1297 2112 1355 2178 ubi
1377 2115 1509 2200 tropum

389 2218 542 2285 videmus
576 2217 721 2301 nullum3
755 2240 835 2285 nam
868 2240 904 2285 rc
938 2239 1020 2286 vcra
1053 2221 1167 2302 iugum
1202 2220 1384 2307 imponitur
1418 2218 1509 2287 collo.

390 2325 518 2391 Similia
533 2325 639 2392 habes
655 2325 745 2413 apud
760 2325 948 2392 Martialem
963 2325 1161 2392 identidem:
1176 2349 1243 2393 non
1260 2330 1372 2394 tetrico
1387 2334 1511 2394 nostros

388 2436 496 2519 excipe
525 2436 633 2517 fronte
663 2436 745 2501 iocos
766 2436 800 2502 X
816 2433 868 2516 64,
881 2434 918 2516 2;
949 2436 993 2500 sic
1022 2456 1072 2499 mc
1101 2434 1208 2518 fronte
1237 2437 1321 2520 tepea
1350 2436 1510 2517 dominos,

387 2541 557 2625 Faustino,
581 2540 930 2627 screnoVH012,1;²)
961 2543 1007 2607 cto
1030 2548 1059 2607 tc
1081 2548 1240 2625 receptam
1262 2541 1369 2625 fronto
1392 2543 1509 2608 uideris

388 2655 455 2715 toto
469 2645 531 2712 Vll
546 2648 599 2730 26,
609 2648 638 2713 5.
677 2647 805 2713 Dicitur
828 2648 918 2713 enim
942 2645 982 2713 de
1004 2646 1115 2713 fronte
1138 2647 1221 2735 ipsa,
1246 2668 1332 2733 quae
1354 2650 1415 2713 aut
1430 2667 1509 2714 con-

387 2754 476 2820 trahi
507 2756 568 2819 aut
599 2753 755 2840 explicari
785 2756 906 2839 potest.
952 2753 1064 2839 Atque
1095 2752 1139 2819 ad
1162 2753 1302 2820 Stellam
1330 2753 1507 2839 quendam,

388 2861 446 2947 qui
480 2881 617 2927 manum
651 2860 706 2926 vel
740 2860 880 2944 digitum
917 2860 1056 2942 gemmis
1091 2860 1204 2942 magni
1237 2852 1349 2947 pretii
1365 2860 1508 2943 ornavit,

388 2958 545 3054 spectant
574 2966 659 3032 haec
689 2966 802 3050 verba,
839 2987 926 3052 quae
948 2966 1056 3052 ‘quasi
1086 2987 1145 3053 per
1174 2965 1391 3054 hyperbolem
1419 2965 1510 3033 dicta

388 3076 484 3138 sunt:
516 3074 748 3159 sardonychus,
779 3077 986 3159 amoropdcs,
1018 3077 1228 3158 momentus,
1267 3075 1413 3159 iaspidas
1442 3096 1510 3142 ano

386 3180 551 3247 versatio
574 3181 709 3248 articulo
731 3180 837 3263 Sacc,
861 3181 982 3264 Severe,
1006 3203 1095 3249 mcccc
1118 3179 1217 3264 Vll,
1245 3181 1315 3247 let
1332 3181 1362 3246 2.
1402 3180 1507 3261 Quem

388 3286 422 3349 in
454 3283 563 3349 locum
586 3285 697 3351 nescio
722 3286 796 3370 quis
819 3285 998 3352 adnotavit
1021 3285 1197 3352 articulum
1220 3287 1309 3353 idem
1332 3287 1445 3353 valere
1468 3307 1509 3352 ac

389 3391 545 3475 digitum3
569 3412 631 3458 nec
653 3412 732 3459 vero
756 3395 845 3458 recte
869 3413 937 3458 non
961 3391 1047 3459 alius
1072 3393 1166 3476 digiti
1188 3393 1348 3459 articulus
1371 3395 1436 3460 nisi
1455 3394 1508 3459 in-

387 3497 490 3563 iimus
515 3497 616 3564 anulo
639 3498 796 3566 induitur.

477 3604 543 3670 Sed
567 3606 731 3692 copiosius
756 3605 922 3672 dehere
946 3605 1099 3672 videmur
1121 3604 1309 3692 disputare:
1332 3608 1400 3672 iam
1424 3606 1509 3672 satis

388 3715 527 3798 apparet
565 3711 797 3778 tantummodo
836 3711 1081 3799 synecdochem
1116 3712 1394 3803 constituendam¹
1422 3734 1506 3796 esse,

388 3838 461 3883 cum
493 3821 614 3904 poetae
646 3820 770 3905 corpori
800 3820 948 3886 humano
979 3818 1034 3885 vel
1065 3820 1135 3885 eius
1167 3820 1323 3885 membris
1354 3820 1510 3886 tribuunt

387 3924 595 4009 qualitatem,
629 3927 736 4012 qualis
768 3927 802 3990 in
834 3925 968 3992 homine
999 3928 1210 4012 potestesse
1234 3925 1315 4008 sole,
1348 3929 1408 3992 aut
1432 3947 1507 3991 cum

479 4210 489 4240 1
569 4208 582 4260 Ι
645 4250 652 4263 .

477 4206 497 4363 ll
514 4208 653 4351 dllicllidt
672 4299 769 4353 autem
787 4299 905 4352 verbum
917 4297 1029 4368 legendi
1041 4301 1071 4352 et
1084 4298 1252 4353 adiectivum
1264 4314 1380 4365 coenae,
1399 4299 1432 4352 ut
1444 4314 1509 4352 eam

386 4383 559 4440 sententiam
583 4401 633 4458 per
650 4386 854 4457 metonymiam
872 4386 1069 4441 attributivam
1087 4386 1286 4457 intellegamus
1304 4386 1350 4457 (cl.
1368 4387 1509 4456 Fengcr

386 4475 406 4529 l.
419 4474 436 4528 l.
450 4489 496 4544 pg.
509 4474 562 4545 33).
