3600 5334
857 606 1080 671 „78-

412 784 550 865 loeaqae
579 786 668 851 aeait
698 786 835 851 araride.
881 780 1058 849 Addantur
1082 782 1160 866 alia,
1190 785 1279 849 sieut
1305 806 1359 852 aes
1382 805 1403 850 a
1425 785 1532 871 puetis

407 890 531 956 aetatis
554 892 743 974 argenteae,
767 911 855 976 quae
878 893 1029 974 vocatur,
1061 893 1177 956 exstat
1203 911 1262 976 pre
1285 891 1386 957 rebus
1409 912 1452 957 ex
1473 890 1529 958 illo

406 995 544 1062 metallo
567 995 749 1063 labrieatis.
795 995 867 1077 Quo
891 996 995 1063 verbe
1019 1017 1041 1062 a
1064 996 1221 1062 Petronio
1246 999 1319 1077 (sat.
1337 998 1390 1080 22)
1415 1001 1525 1065 arota-

405 1102 476 1169 lum
492 1103 702 1186 designatur:
724 1127 795 1170 eam
812 1105 947 1171 latrare
961 1104 1180 1190 cymbalistria
1196 1111 1226 1170 et
1241 1126 1435 1188 concrepans
1450 1125 1530 1172 aera

407 1233 514 1277 omues
537 1212 696 1278 eaaltaalt.
741 1208 816 1275 Hua
838 1207 920 1274 illud
951 1230 1083 1296 queque
1111 1208 1322 1276 referendum
1346 1214 1408 1293 est,
1440 1209 1530 1296 qued

407 1338 475 1383 nen
506 1316 614 1382 solum
640 1320 838 1403 amaraqclas
870 1315 955 1398 (San.
979 1315 1118 1383 Phaedr.
1134 1318 1212 1399 318)
1222 1320 1246 1399 ²)
1278 1320 1339 1383 aut
1361 1319 1531 1402 sardoaqa

407 1423 486 1505 (Iuv.
499 1422 559 1489 VH
572 1424 646 1507 143)
669 1422 789 1506 legitur
812 1444 870 1509 pro
895 1422 998 1489 anulo
1021 1422 1074 1488 his
1097 1424 1237 1506 gemmis
1262 1425 1389 1506 ornatu,
1412 1444 1529 1490 verum

406 1531 509 1597 etiam
532 1551 590 1617 pro
614 1532 706 1596 vasis
730 1551 749 1596 e
772 1529 941 1617 crystallo,
974 1551 993 1595 e
1023 1551 1136 1596 murra
1166 1530 1326 1597 confectis
1350 1529 1530 1597 collocatur

406 1637 548 1703 materia
577 1637 659 1724 ipsa.
713 1636 871 1703 (lanieras
903 1657 1029 1723 quaese
1061 1636 1207 1703 Statium
1241 1636 1323 1718 (silv.
1346 1639 1399 1705 HI
1413 1638 1444 1722 4,
1458 1637 1528 1717 58);

405 1746 456 1812 la'a
474 1746 589 1829 poaala
611 1767 728 1831 maqao
749 1746 858 1828 prima
880 1746 955 1811 ataui
977 1766 1173 1827 murrasque
1187 1766 1302 1831 qraaes
1316 1747 1529 1831 crystallaque

400 1858 519 1936 portat.
566 1851 628 1917 Pro
659 1851 794 1917 aalvitio
825 1854 1002 1936 praeterea
1025 1872 1046 1917 a
1069 1850 1164 1918 Oelso
1189 1853 1224 1916 at
1247 1849 1404 1918 Petronio
1428 1872 1528 1916 usur-

405 1962 506 2044 patur
535 1980 621 2026 area.
667 1957 760 2023 Haea
790 1957 896 2024 habes
921 1957 1090 2043 exempla:
1125 1981 1281 2026 arearara
1309 1980 1433 2041 qaoque
1464 1961 1528 2025 alae

404 2064 523 2150 qaaere
547 2072 624 2131 aaut
647 2115 654 2130 .
678 2120 685 2135 .
709 2121 717 2136 .
740 2066 816 2132 haec
839 2088 961 2150 qaaera
991 2087 1145 2133 arearum
1168 2067 1312 2150 scalpella
1335 2071 1529 2149 eaasperaat

406 2169 500 2251 (Uele.
516 2170 621 2256 714),
644 2193 732 2239 aaaa
754 2172 870 2240 ambra
891 2174 1019 2239 aalata
1041 2194 1104 2239 saa
1126 2175 1194 2240 lam
1218 2180 1360 2258 tempora
1383 2177 1528 2238 maereat

406 2298 545 2360 areaque
568 2279 690 2345 attritis
711 2279 796 2346 ridet
818 2280 932 2345 adalta
950 2280 1030 2362 pilis
1056 2281 1129 2358 (sat.
1148 2278 1230 2359 109).

931 2546 1002 2629 §a

494 2687 621 2768 Quibus
645 2685 757 2752 allatis
779 2685 988 2772 relinquitur,
1016 2689 1056 2752 ut
1080 2708 1137 2753 ees
1160 2689 1274 2772 tropos
1297 2706 1526 2770 aongeramus,

404 2795 461 2879 qui
484 2792 574 2880 apud
596 2792 784 2859 Martialem
807 2792 1021 2877 singulariter
1048 2795 1194 2859 exstant
1241 2791 1389 2873 Quorum
1412 2795 1528 2858 autem

403 2899 439 2965 hi
470 2900 632 2966 eminent:
668 2902 881 2985 Tartesiacas,
913 2898 1001 2986 quod
1032 2898 1121 2965 idem
1150 2899 1243 2966 valet
1273 2920 1314 2965 aa
1336 2898 1494 2964 Baeticus
1504 2901 1526 2980 ²)

404 3007 598 3091 (VH28,3;
630 3008 829 3092 VIH28,5;
863 3008 984 3091 IX61,
997 3008 1038 3091 1),
1076 3008 1208 3091 sponda,
1247 3027 1334 3091 quae
1372 3004 1527 3089 designat

403 3114 536 3195 lectum,
569 3133 635 3198 quo
659 3113 780 3178 mertui
804 3113 992 3179 efferuntur
1020 3114 1062 3195 (X
1077 3113 1109 3196 5,
1122 3114 1162 3197 9).
1207 3114 1324 3196 Eqaas
1353 3115 1528 3198 praeterea

404 3221 594 3305 usurpatur·
612 3240 670 3305 pro
702 3222 819 3286 statua
846 3222 994 3306 equestri
1018 3222 1110 3301 (VIII
1125 3221 1178 3305 44,
1192 3221 1233 3304 6),
1258 3221 1336 3287 cleas
1367 3239 1425 3304 pre
1456 3219 1526 3284 ele·

402 3326 531 3412 phanta
548 3328 643 3406 (XHI
656 3326 740 3410 100),
764 3328 860 3395 baara
874 3348 933 3413 pro
949 3327 1078 3410 virgine
1094 3326 1149 3393 vel
1164 3327 1336 3393 meretrice
1353 3328 1415 3409 (ΙΠ
1428 3326 1480 3408 75,
1493 3325 1525 3409 5,

402 3436 454 3501 XI
469 3434 522 3516 61,
537 3434 578 3517 2),
613 3436 694 3503 salva
723 3453 781 3519 pro
812 3432 931 3499 fronde
963 3418 1024 3516 (XI
1040 3435 1093 3517 41,
1106 3435 1147 3518 3),
1184 3434 1268 3501 orlls
1298 3453 1356 3519 pro
1391 3431 1525 3518 speculo

404 3542 463 3621 (IX
477 3540 528 3621 17,
541 3540 583 3626 5),
609 3543 682 3627 pala
703 3560 762 3627 pro
786 3544 1004 3606 monumenta
1029 3538 1174 3625 quodam
1198 3538 1240 3621 (V
1255 3539 1359 3622 22,3),
1390 3562 1444 3606 aas
1466 3558 1525 3624 pra

402 3652 532 3714 tessera
555 3651 661 3714 uinea
684 3648 779 3730 (126,
792 3649 834 3730 4),
864 3671 985 3717 aarara
1015 3668 1073 3734 pro
1098 3667 1220 3713 corona
1243 3667 1348 3712 aurea
1370 3648 1428 3725 (IV
1443 3648 1471 3728 1,
1484 3645 1526 3730 5),

402 3777 544 3821 raaraaor
555 3775 613 3841 pre
625 3754 736 3841 lapide
747 3753 886 3820 miliaria
900 3756 960 3835 (IX
972 3756 1062 3839 64,4,
1080 3754 1208 3838 VH31,
1218 3753 1278 3836 10),
1292 3775 1455 3821 marmora
1466 3772 1524 3838 pro

403 3862 523 3928 crustis
539 3862 732 3928 marmoreis
752 3859 793 3942 (X
807 3861 858 3939 79,
872 3861 914 3944 3),
939 3862 1017 3929 abar
1031 3881 1090 3948 pro
1107 3858 1182 3926 alea
1199 3858 1283 3941 (XIII
1298 3860 1375 3944 1,6),
1392 3862 1525 3929 linteam

402 3988 460 4053 pro
476 3968 612 4054 plagula
623 3970 668 4049 (H
679 3969 733 4050 57,
746 3969 786 4050 6).
814 3968 915 4035 Thala
927 3970 1103 4054 praeterea
1114 3966 1311 4050 singularite
1323 3987 1361 4032 ra
1371 3964 1524 4032 Martiale

493 4231 512 4300 1)
531 4231 686 4287 Graheis
703 4248 749 4303 pg.
763 4232 806 4288 51.

492 4321 511 4389 ²)
530 4318 638 4373 Postea
654 4322 730 4391 apud
747 4321 895 4377 Sidonium
911 4321 1081 4377 Tartesiacus
1099 4320 1173 4375 idem
1192 4321 1272 4376 valet
1289 4324 1376 4395 atque
1394 4319 1524 4390 Hispani·

402 4417 452 4456 aus
470 4406 505 4475 (II
514 4405 576 4470 364,
590 4404 684 4473 7387,
702 4409 754 4463 XV
765 4409 834 4480 156).
