3600 5334
749 623 971 687 ..57-

391 799 521 866 Deinde
552 798 722 886 pertinent
751 799 817 866 huc
847 799 995 883 metalla,
1027 821 1046 866 e
1074 801 1195 887 quibus
1222 822 1276 868 res
1304 801 1423 869 coniioi

299 909 451 993 possunt,
476 905 572 972 velut
592 906 720 988 ferram
742 906 831 972 idem
854 905 1025 989 significat
1040 907 1129 993 quod
1145 907 1260 992 culter,
1284 910 1419 993 securis,

300 1012 439 1098 gladius,
468 1034 559 1079 veru.
609 1013 637 1079 a
664 1012 786 1099 quibus
819 1013 1013 1080 notionibus
1040 1013 1172 1080 invenis
1200 1036 1304 1080 unam
1331 1015 1421 1103 apud

299 1119 486 1186 Martialem
508 1119 561 1185 his
584 1119 681 1187 locis:
705 1121 841 1204 666666,
865 1143 938 1189 cam
960 1123 1049 1205 ferro
1064 1123 1143 1204 qaid
1164 1122 1248 1190 tibi?
1270 1124 1305 1189 Π
1320 1122 1373 1201 45,
1387 1123 1422 1207 2,

299 1234 430 1313 occupat
452 1229 536 1295 banc
559 1230 614 1309 (so.
632 1229 790 1311 hirneam)
813 1232 902 1305 ferro
923 1229 1066 1297 rusticas
1088 1229 1280 1312 11124,10;
1310 1231 1421 1314 Pbry-

300 1335 451 1421 9666666
473 1336 591 1403 matris
612 1336 706 1404 Almo
730 1383 738 1401 .
762 1388 768 1403 .
792 1388 799 1402 .
824 1336 912 1402 lavat
935 1340 1060 1413 ferram
1081 1337 1135 1403 ΙΙΙ
1151 1337 1202 1418 47,
1215 1337 1249 1420 2,
1272 1337 1423 1404 continuo

299 1443 428 1526 ferram
450 1443 552 1509 acaia
575 1443 671 1509 tarda
689 1444 778 1525 capit
793 1444 845 1510 III
861 1443 914 1522 91,
933 1443 967 1525 8,
989 1445 1046 1510 cia
1062 1449 1212 1527 taaqcmc
1226 1465 1322 1529 cacos
1335 1445 1423 1527 ferro

300 1569 440 1616 rceccaco
463 1550 590 1632 capellos
605 1550 653 1616 VI
668 1548 722 1631 62,
735 1549 769 1630 3,
793 1555 823 1615 et
843 1571 925 1632 qaae
944 1556 1139 1635 6666966661
1153 1551 1242 1633 ferro
1256 1550 1424 1618 ctrccctorc‘c

300 1657 411 1740 ofellae
433 1658 467 1723 X
483 1656 536 1740 48,
552 1655 602 1720 15.
631 1693 675 1703 -—
701 1654 819 1721 Altera
846 1654 1000 1721 subiecta
1027 1658 1080 1721 est
1106 1654 1199 1721 huie:
1227 1679 1268 1723 66
1298 1664 1423 1725 metuas

299 1763 425 1846 ferram
447 1764 499 1830 IX
514 1764 567 1847 61,
581 1762 632 1828 20,
656 1801 700 1808 -
723 1761 872 1828 Tertiam
893 1763 1018 1848 reperis
1046 1763 1081 1827 in
1104 1761 1173 1830 his:
1204 1771 1423 1847 6666666166

301 1872 409 1939 stricto
431 1872 572 1937 mediam
596 1869 785 1955 transpicere
800 1871 888 1954 focco
905 1870 935 1936 V
951 1869 1004 1953 50,
1018 1869 1052 1953 3;
1075 1872 1143 1937 iam
1159 1869 1246 1940 ferro
1260 1892 1328 1938 666
1343 1893 1423 1956 opas

300 2001 364 2046 esse
386 1980 473 2045 docet
494 1979 546 2045 IX
561 1976 614 2061 31,
634 1975 688 2059 10;
716 1978 807 2045 6606
830 1983 876 2043 cet
898 1978 1033 2043 6666666
1055 1977 1139 2061 ferri
1160 1979 1212 2044 IX
1228 1977 1280 2059 70,
1295 1980 1328 2061 7,
1356 1980 1423 2045 otc‘a

299 2088 388 2171 ferro
412 2135 418 2149 .
443 2134 480 2151 ..
513 2085 566 2164 (se.
596 2085 692 2166 dedit)
723 2085 775 2151 IX
792 2083 865 2164 101,
879 2084 932 2149 21.
984 2081 1036 2148 Ad
1067 2104 1150 2149 veru
1177 2082 1318 2150 refertur
1344 2084 1422 2150 hoe:

301 2193 416 2261 librato
440 2244 446 2259 .
471 2243 478 2257 .
503 2237 510 2254 .
532 2192 621 2276 forro
644 2188 665 2254 l.
689 2192 791 2276 spect.
817 2190 868 2274 13,
882 2190 912 2254 3.

388 2298 473 2364 Item
501 2319 555 2365 ace
581 2300 764 2382 usurpatur
791 2295 833 2362 ad
861 2316 917 2362 ree
944 2317 987 2362 ex
1014 2317 1091 2362 aere
1115 2295 1300 2363 coniectas:
1328 2300 1423 2366 redde

296 2408 418 2490 pilam:
444 2412 538 2474 conat
560 2427 615 2472 ace
638 2405 836 2472 06666666
858 2406 941 2472 XIV
959 2404 1033 2487 163,
1057 2404 1077 2469 i.
1094 2424 1121 2468 e.
1145 2403 1421 2487 tintinnabulum,

301 2511 388 2598 quod
416 2511 460 2577 ad
487 2509 610 2577 balnea
636 2510 770 2595 invitat,
800 2531 887 2597 quae
916 2515 1006 2577 certo
1029 2513 1177 2596 tempore
1205 2509 1422 2596 clauduntur;

302 2617 451 2685 similiter
482 2619 608 2684 exstat:
637 2620 715 2686 cclcc
743 2626 858 2704 orbato
881 2672 888 2685 .
914 2672 920 2684 .
944 2671 951 2685 .
975 2625 1070 2685 sonat
1097 2640 1170 2686 acro
1193 2619 1336 2702 666666,
1358 2619 1378 2684 i.
1395 2640 1421 2685 6.

301 2725 537 2793 tintinnabulis
561 2746 603 2791 ex
627 2746 704 2791 aere
720 2723 881 2792 confectis
896 2728 948 2793 XI
964 2725 1016 2809 21,
1029 2726 1066 2809 23
1089 2746 1199 2811 neque
1219 2724 1317 2791 aliter
1332 2725 1423 2792 dicta

301 2836 396 2900 sunt:
419 2855 498 2901 aera
599 2855 620 2900 o
642 2836 753 2901 66666
767 2835 923 2901 cdtcrc‘ora
932 2835 1027 2917 pais,
1042 2835 1059 2899 I
1075 2833 1128 2917 26,
1142 2834 1173 2916 4,
1197 2832 1216 2899 i.
1233 2853 1259 2899 6.
1276 2839 1422 2899 tesseras

303 2941 444 3023 666666,
468 2947 634 3025 concrepat
656 2963 735 3008 aera
757 2961 869 3025 macca,
892 2939 912 3005 i.
929 2961 957 3006 e.
980 2939 1107 3005 crotala
1130 2943 1237 3007 aenea
1256 2942 1308 3008 XI
1324 2941 1374 3023 16,
1387 2942 1422 3025 4,

302 3054 429 3117 ceolam
451 3051 596 3117 aureolos
619 3050 664 3115 sc'o
685 3049 770 3115 celat
792 3070 871 3115 acca
893 3054 990 3134 rocci,
1012 3048 1033 3113 i.
1049 3069 1077 3113 e.
1100 3067 1255 3114 nummos
1280 3068 1323 3113 ex
1345 3067 1422 3113 aero

302 3152 471 3220 coniectos
501 3157 552 3223 XI
574 3155 696 3236 27,12.
749 3152 825 3221 Non
857 3153 961 3220 semel
990 3152 1073 3220 illud
1102 3153 1305 3221 vocabulum
1334 3152 1423 3220 idem

301 3260 394 3327 valet
428 3283 469 3328 ae
503 3261 661 3348 pecunia;
697 3282 737 3328 ao
774 3262 916 3348 primum
947 3259 1081 3346 quidem
1113 3264 1227 3328 exstat
1256 3283 1315 3348 pro
1346 3281 1423 3328 asse

301 3367 428 3434 minimi
455 3369 561 3456 pretii,
594 3371 634 3434 ut
660 3389 722 3434 nos
751 3368 905 3435 dicimus:
936 3367 1062 3434 Dreier:
1093 3389 1148 3436 aec
1173 3370 1263 3437 dabit
1289 3392 1330 3436 cx
1352 3371 1424 3437 istic

301 3479 392 3544 66776
413 3477 523 3559 pacilo
551 3476 608 3543 tibi
635 3477 774 3558 Ι76,4,
801 3499 879 3543 acro
907 3476 993 3543 coac·
1020 3497 1087 3542 666
1113 3481 1210 3542 cant:
1237 3477 1301 3542 VH
1318 3477 1370 3557 16,
1387 3477 1423 3559 1,

301 3583 458 3666 amphora
487 3582 614 3666 oc’qesoc',
644 3584 771 3649 modc'ae
801 3585 902 3650 datar
933 3603 1007 3649 acre
1037 3588 1194 3664 otcatcrao
1227 3582 1295 3647 XII
1320 3581 1422 3660 76,1.

301 3684 428 3752 Deinde
460 3684 641 3751 collocatur
666 3706 724 3771 pro
753 3708 890 3753 nummo
919 3687 1067 3753 cuiusvis
1091 3686 1230 3770 generis,
1263 3685 1353 3770 quod
1380 3706 1423 3751 ex

301 3793 354 3859 his
377 3788 502 3856 elucet:
530 3813 585 3857 aes
606 3793 686 3858 dabo
706 3815 765 3875 pro
788 3795 908 3880 nauis?
930 3796 979 3861 IV
995 3794 1047 3873 72,
1061 3793 1096 3875 3,
1118 3793 1182 3861 aaa
1204 3815 1283 3859 acro
1305 3800 1424 3860 sonam

301 3903 319 3967 I
340 3900 392 3982 76,
413 3898 472 3980 13,
492 3898 603 3982 potius
630 3897 742 3981 paces
769 3919 842 3965 cece
869 3901 1014 3982 celioque
1042 3901 1134 3966 cados
1162 3900 1208 3965 VI
1229 3898 1281 3981 27,
1299 3898 1334 3981 6,
1362 3896 1421 3987 [at]

302 4006 433 4073 sordida
454 4004 567 4091 vocito
587 4011 728 4089 posceret
751 4026 829 4071 acra
851 4007 903 4071 IX
919 4006 950 4088 8,
963 4007 994 4071 4.

392 4111 458 4179 Sed
484 4111 553 4177 iam
584 4110 727 4177 materia
758 4108 838 4174 mihi
870 4110 997 4176 erescit
1051 4109 1114 4176 Pro
1144 4109 1237 4176 vasis
1268 4109 1358 4175 enim
1388 4114 1422 4176 et

304 4217 465 4285 similibus
497 4218 598 4284 rebus
629 4239 671 4284 ex
701 4217 866 4301 argento
897 4214 999 4282 iactis
1029 4216 1062 4282 id
1093 4217 1204 4302 ipsum
1228 4218 1423 4301 usurpatur:

303 4326 385 4393 libra
407 4376 415 4394 .
439 4381 446 4394 .
470 4380 477 4393 .
501 4328 630 4413 arconti
656 4327 748 4393 milia
775 4326 919 4407 6666666
940 4325 1029 4408 capit
1050 4326 1103 4392 III
1119 4323 1172 4402 62,
1186 4324 1221 4406 4,
1252 4329 1423 4407 accentum

304 4438 410 4500 tameo
432 4434 519 4500 inter
542 4456 634 4501 cocae
657 4435 766 4518 miror,
789 4452 892 4514 occare
908 4454 974 4499 666
989 4432 1113 4513 habeas,
1133 4429 1283 4513 0666666,
1298 4450 1423 4512 param
