3600 5334
723 657 949 721 „13-

275 833 387 914 untur,
421 852 616 918 quanquam
647 835 728 899 sunt
759 832 802 899 ad
833 831 977 899 eundem
1005 833 1177 900 referendi.
1223 834 1277 901 Sic
1307 836 1397 923 apud

274 936 537 1021 Martialem,
562 938 620 1004 ubi
643 937 684 1005 de
708 961 744 1006 se
767 940 840 1027 ipso
865 939 955 1025 dicit,
978 939 1119 1024 legimus
1144 942 1199 1023 (IX
1222 943 1397 1028 251551

433 1066 578 1132 Dantem
600 1066 679 1132 51115
703 1072 795 1134 teum
818 1068 965 1149 quotiens
987 1067 1172 1151 asperiores
1194 1068 1339 1152 Hyllum,

432 1173 575 1242 Lumine
597 1195 664 1256 1155,
687 1170 779 1257 Afer,
804 1173 980 1240 turbidiore
1001 1181 1102 1241 115155.

273 1297 425 1382 sequitur
438 1318 469 1363 v.
486 1297 520 1364 5:
543 1297 697 1365 Avertam
711 1301 819 1366 51111111
830 1348 837 1362 .
850 1348 877 1362 ..
898 1336 943 1344 -
963 1295 1121 1365 conferas
1137 1318 1232 1385 porro
1253 1298 1283 1363 11
1299 1300 1350 1382 71,
1361 1300 1396 1365 51

274 1406 433 1472 aodimus
447 1424 642 1490 quanquam
657 1425 689 1470 v.
704 1405 721 1468 1
739 1403 909 1470 antecedit
925 1407 1043 1472 notoni.
1070 1404 1176 1471 Simili
1191 1403 1289 1471 modo
1306 1403 1395 1493 apud

273 1508 415 1576 eundem
452 1532 510 1598 pro
546 1509 770 1594 singularibus
806 1510 1011 1577 collocantur
1044 1510 1202 1597 plurales:
1241 1515 1396 1581 audemus

272 1617 332 1682 XII
344 1618 441 1703 94‚7;
465 1620 595 1687 colimus
610 1617 641 1682 X
655 1618 773 1701 103,9;
796 1620 912 1684 domus
926 1615 958 1681 V
970 1618 1067 1701 25,5;
1090 1616 1137 1682 XI
1152 1618 1228 1702 3‚2;
1251 1620 1395 1687 dedimam

271 1723 411 1809 Χ75,9;
434 1727 579 1793 dicimos
593 1724 625 1788 X
642 1724 761 1808 7512,
783 1725 924 1808 facimus
939 1722 971 1787 V
986 1724 1039 1806 59,
1054 1724 1088 1806 2;
1110 1722 1156 1788 IX
1172 1725 1224 1797 50,
1238 1724 1274 1808 53
1296 1726 1394 1792 mitti·

272 1831 510 1914 moolV19,4;
527 1829 865 1914 V1,7(v.9patobot;
882 1829 1393 1917 V59,1;V1149‚1;V1191,2;

271 1937 317 2002 IX
332 1938 385 2022 54,
402 1939 456 2020 11;
479 1936 579 2019 1194,
593 1939 622 2003 6.
638 1976 683 1984 -
705 1960 816 2005 sumas
837 1936 869 2002 X
887 1938 960 2022 103,
975 1939 1009 2021 4,
1033 1935 1185 2004 511111-
1209 1935 1303 2019 Quod
1325 1937 1394 2004 iam

271 2042 473 2110 Kuehner
496 2042 769 2111 animadvertens
800 2044 842 2110 ad
874 2065 950 2111 eam
978 2044 1183 2111 sententiam
1213 2042 1392 2130 perductus

271 2155 332 2235 est,
364 2153 404 2217 ut
427 2154 565 2218 censeat
594 2153 713 2238 pottas
744 2153 902 2239 antiquos
926 2150 1093 2217 interdum
1123 2172 1191 2218 non
1223 2151 1297 2218 aliis
1327 2153 1392 2218 nisi

271 2259 414 2324 metricis
438 2259 550 2324 causis
573 2260 756 2325 commotos
780 2260 1040 2325 commutavisse
1067 2260 1259 2340 numeros.¹)
1304 2258 1390 2324 Nam

269 2368 398 2450 quanta
431 2364 670 2453 impedimenta
701 2366 905 2433 obstiterunt
934 2364 1052 2446 Ennio,
1089 2385 1164 2432 cum
1198 2366 1233 2430 in
1263 2366 1391 2450 pocsim

267 2471 517 2539 introducturus
540 2475 631 2539 esset
645 2493 780 2539 versum
796 2472 943 2557 heroum,
968 2473 1063 2538 cuius
1079 2474 1187 2537 metra
1209 2491 1277 2535 non
1295 2474 1391 2537 51551

267 2580 349 2664 apta
364 2579 408 2645 ad
424 2579 528 2645 verba
542 2579 674 2662 Latina,
696 2600 783 2665 quae
800 2581 879 2644 sunt
895 2577 1089 2664 plerumque
1105 2576 1282 2659 1155115155,
1305 2577 1389 2642 1515-

269 2684 354 2768 5155,
379 2685 568 2771 spondiaco.
607 2691 746 2751 Aenon
770 2684 879 2750 solum
902 2683 967 2769 ille,
992 2684 1235 2750 verumetiam
1265 2685 1390 2768 posteri

270 2811 402 2855 summa
435 2792 470 2855 15
501 2790 701 2856 (111115511515
732 2791 858 2857 versati
889 2792 978 2854 sunt.
1025 2788 1133 2869 Quam
1163 2791 1203 2854 ut
1232 2788 1389 2855 tollerent

268 2894 509 2979 confugiebant
546 2895 590 2961 ad
623 2894 760 2981 pluralis
799 2895 949 2982 inprimis
987 2896 1107 2961 tertiae
1145 2895 1388 2978 coniugationis

269 3003 409 3090 primam
436 3022 614 3089 personam
645 3000 730 3068 duas
758 3001 877 3068 breves
910 3001 1059 3089 syllabas
1090 3001 1297 3086 offerentem,
1330 3003 1388 3069 ubi

267 3111 302 3175 in
334 3109 495 3192 singulari
525 3109 673 3176 succedit
706 3130 776 3174 una
805 3108 941 3191 longad)
988 3110 1080 3191 Quae
1115 3130 1190 3176 oum
1224 3110 1274 3176 ita
1308 3110 1385 3191 sint,

267 3216 367 3283 huius
391 3216 661 3283 commutationis
686 3216 833 3282 rationes
856 3217 1004 3281 maxima
1027 3220 1186 3302 exparte
1210 3237 1277 3282 555
1306 3221 1387 3282 sunt

266 3325 458 3408 quaerenda
480 3324 691 3408 intrinsecus,
724 3321 792 3398 sed,
813 3322 893 3388 foris
923 3321 1159 3389 adsumendae.
1206 3322 1313 3403 Quam
1343 3324 1385 3390 ob

266 3450 335 3496 rem
358 3432 393 3497 in
416 3432 474 3498 illa
498 3431 570 3498 sola
593 3431 722 3498 nullum
746 3433 878 3515 tropum
902 3430 1063 3496 videmus

788 3630 807 3712 ξ,
830 3629 860 3691 4.

352 3749 449 3816 Nunc
471 3755 684 3819 transeamus
709 3751 752 3818 ad
775 3751 1008 3818 substantivas
1028 3748 1201 3835 inquibus
1224 3769 1384 3814 numerus

266 3859 498 3923 commutatur.
530 3859 567 3923 In
583 3880 723 3946 quorum
740 3862 906 3937 naturam,
930 3858 1123 3943 priusquam
1139 3853 1384 3942 synecdochem

266 3963 521 4045 const'tuamus,
538 3985 675 4031 necesse
692 3967 745 4030 est
760 3966 949 4030 accuratius
965 3963 1180 4050 inquiramus
1205 3961 1291 4028 Sunt
1303 3983 1382 4027 vero

265 4066 331 4133 duo
362 4089 485 4152 genera
507 4070 680 4156 utriusque
707 4070 837 4135 numeri
860 4068 1108 4152 distinguenda:
1141 4071 1202 4135 aut
1224 4069 1313 4135 enim
1341 4090 1383 4135 ea

353 4303 372 4371 ¹)
390 4300 532 4357 Ausfirhrl.
549 4301 725 4357 Grammatik
743 4301 768 4355 Π
785 4318 830 4372 pg.
843 4300 887 4356 64.

352 4391 371 4459 ⁹)
385 4389 439 4447 Cir.
449 4390 611 4446 Bednara
625 4391 659 4445 de
672 4407 800 4446 sermone
810 4389 1014 4460 dactylicorum
1023 4389 1189 4445 Latinorum
1199 4390 1380 4462 quaestiones

261 4477 310 4532 alt.
322 4494 394 4548 pars
408 4478 534 4535 Woellfl.
547 4479 631 4536 Aroh.
644 4480 708 4535 XIV
719 4497 764 4551 pg.
778 4479 839 4536 567.
