3600 5334
730 613 954 678 ..75-

282 793 394 872 untur,
428 792 493 857 oles
522 810 581 876 pro
612 788 725 876 aquila
756 790 897 856 occurrit
927 790 966 856 A.
988 790 1094 873 1394,
1117 790 1281 874 XII2473
1306 813 1406 875 peuce

282 895 371 965 idem
394 895 487 963 valet
509 900 612 982 atque
636 916 716 963 oves
739 897 778 962 A.
798 897 940 979 1x341;
964 896 1002 963 G.
1023 897 1163 965 111554.
1187 934 1231 944 -
1253 896 1317 962 Pro
1341 896 1404 962 diis

282 1007 453 1090 ponuntur
474 1006 600 1088 superi:
624 1005 662 1069 A.
685 1005 745 1086 14,
769 1005 804 1072 Π
819 1004 892 1087 141,
917 1003 998 1087 659;
1028 1002 1066 1071 Α.
1086 1004 1183 1085 ΙΠ2,
1207 1004 1307 1085 6003)
1353 1001 1404 1068 Ex

281 1111 322 1176 iis
350 1110 459 1194 igitur,
491 1131 579 1197 quae
609 1109 835 1196 exposuimus,
868 1110 979 1177 elucet
1002 1109 1143 1176 alteram
1174 1108 1404 1197 synecdochae

281 1216 424 1284 formam
447 1217 658 1283 usitatiorem
681 1237 756 1283 esse
787 1217 876 1303 apud
900 1219 1035 1303 poetam
1067 1218 1192 1283 aetatis
1223 1219 1404 1300 argenteae

284 1344 371 1410 quae
393 1326 542 1408 voeath
558 1343 659 1410 quam
683 1321 773 1410 apud
796 1323 890 1389 illum
914 1324 971 1410 qui
994 1323 1060 1389 fuit
1075 1325 1222 1408 Augusti
1244 1323 1404 1410 tempori-

282 1430 354 1497 bus.
401 1429 502 1496 Cuius
532 1430 581 1495 rei
604 1450 708 1496 causa
729 1430 913 1517 repetenda
937 1433 990 1496 est
1017 1451 1059 1496 ex
1083 1451 1131 1512 eo,
1162 1430 1251 1516 quod
1275 1431 1317 1496 ad
1342 1430 1405 1496 hoc

179 1624 184 1627 .
283 1539 385 1622 caput
407 1538 564 1623 spectant
580 1537 692 1617 verba,
717 1556 858 1622 quorum
874 1536 927 1601 vis
943 1537 1145 1623 proprietate
1161 1535 1216 1603 vel
1240 1536 1404 1622 qualitate

281 1644 322 1709 iis
343 1643 447 1710 insita
463 1642 629 1709 definitur.
664 1642 751 1708 Nam
766 1662 832 1728 quo
855 1643 965 1708 maius
989 1643 1135 1728 spatium
1150 1642 1266 1726 lingua
1281 1642 1404 1709 Latina

282 1750 493 1836 percucurrit,
511 1771 551 1816 eo
567 1750 673 1832 magis
689 1751 800 1816 varias
816 1770 870 1814 res
885 1748 951 1815 illis
968 1747 1147 1815 denotatas
1165 1770 1239 1815 esse
1255 1753 1403 1836 apparet.

282 1855 352 1924 Nec
382 1878 461 1924 vero
494 1856 679 1940 cogitamus
710 1854 751 1922 de
782 1856 885 1922 verbo
916 1858 1002 1941 aori,
1037 1856 1092 1922 oui
1123 1877 1224 1941 quam
1258 1856 1403 1922 maxime

282 1965 397 2030 variae
430 1965 586 2031 notiones
616 1963 683 2029 iam
715 1962 904 2046 aVergilio
936 1962 1108 2030 subiectae
1143 1967 1233 2047 sunt,
1269 1961 1327 2029 sed
1362 1961 1403 2028 de

282 2070 393 2138 verbis
409 2072 495 2139 aeris
519 2073 553 2136 et
575 2072 711 2158 arpenti,
735 2091 874 2156 quorum
896 2069 978 2136 illud
1002 2074 1129 2156 quanto
1159 2069 1263 2136 latius
1285 2072 1405 2157 pateat

283 2176 372 2264 apud
405 2176 603 2261 Martialem,
638 2198 738 2263 supra
773 2177 997 2264 exposuimus.
1052 2177 1242 2261 AVergilii
1274 2179 1404 2244 ratione

283 2282 413 2351 dicendi
437 2284 612 2370 praecipue
636 2283 802 2369 abhorret,
828 2283 917 2370 quod
939 2282 1027 2350 idem
1050 2283 1254 2350 vocabulum
1269 2284 1405 2370 ponitur

282 2413 340 2478 pro
363 2411 511 2475 nummo,
536 2411 623 2476 quae
646 2391 739 2458 notio
763 2390 853 2478 apud
872 2390 967 2457 illum
990 2390 1124 2476 saepius
1149 2390 1299 2471 occurrit,
1325 2391 1404 2476 quia

281 2497 410 2563 nummi
440 2497 683 2584 antiquissimis
706 2498 911 2585 temporibus
935 2520 957 2564 a
978 2497 1139 2563 Romanis
1170 2516 1212 2562 ex
1236 2517 1313 2562 aere
1336 2495 1404 2562 iusi

283 2610 371 2672 sunt.
416 2604 538 2670 Rarius
568 2626 663 2691 porro
695 2604 947 2672 animadvertas
971 2611 1142 2689 arpentum
1171 2600 1259 2669 idem
1291 2601 1403 2668 valere

283 2733 431 2779 aevosa
454 2732 496 2778 ex
510 2710 569 2778 illa
591 2712 733 2778 materia
749 2711 901 2780 confecta
924 2711 1014 2798 apud
1030 2709 1221 2794 Vergilium.
1262 2708 1404 2776 Omnino

284 2819 372 2884 enim
387 2817 498 2885 solent
512 2820 633 2904 poetae
657 2818 781 2884 aetatis
797 2821 978 2901 argenteae
994 2839 1081 2904 quae
1104 2820 1246 2884 vocatur
1269 2815 1403 2902 saepius

282 2945 341 3012 pro
364 2947 399 2991 re
422 2926 497 3012 ipsa
518 2924 695 2991 materiam
719 2923 849 3007 afferre,
881 2945 968 3010 quae
1001 2926 1163 2991 sermonis
1196 2922 1403 2991 consuetudo

283 3032 326 3099 ab
348 3030 415 3116 illo,
440 3052 634 3118 quanquam
656 3051 725 3097 non
748 3051 882 3117 prorsus
907 3030 1011 3117 deest,
1035 3034 1151 3099 tamen
1175 3052 1252 3098 rara
1271 3029 1405 3097 videtur

283 3159 365 3205 esse.
420 3138 520 3225 Apud
553 3159 652 3225 quem
688 3138 868 3204 collocatur
902 3140 979 3205 ebur
1013 3159 1072 3225 pro
1107 3141 1232 3205 statuis
1267 3138 1403 3206 deorum

283 3245 438 3312 eburneis
468 3245 507 3316 G.
529 3247 634 3325 1480,
665 3243 820 3331 idemque
843 3265 902 3331 pro
925 3245 1011 3311 tibia
1034 3245 1182 3313 eburnea
1213 3246 1251 3313 G.
1275 3247 1405 3331 111933

281 3374 405 3438 pemmo
432 3373 490 3438 pro
518 3351 645 3439 poculis
676 3351 853 3435 gemmatis
882 3350 919 3418 G.
942 3352 1063 3420 Heoo.
1109 3351 1265 3418 Nondum
1288 3355 1404 3418 autem

282 3460 417 3543 ponitur
439 3480 461 3524 a
475 3457 618 3542 Vergilio
641 3461 809 3544 surdosque
832 3459 888 3526 vel
912 3459 1037 3526 similes
1059 3480 1113 3525 res
1128 3480 1186 3545 pro
1210 3456 1322 3542 anulo,
1347 3460 1404 3544 qui

282 3565 347 3631 illis
371 3566 520 3648 ornatur,
543 3586 611 3631 non
627 3589 715 3650 ortyx
730 3587 788 3652 pro
804 3565 997 3654 pyxidicula
1020 3586 1061 3631 ex
1085 3564 1215 3651 onyche
1239 3563 1401 3649 confecta,

282 3693 424 3738 marmor
446 3688 514 3734 non
536 3669 624 3735 idem
640 3671 733 3737 valet
756 3692 796 3738 ao
818 3675 1075 3739 monumentum
1098 3690 1320 3736 marmoreum
1343 3673 1403 3736 aut

282 3776 366 3862 lapis
391 3772 560 3859 miliarius,
584 3796 652 3840 non
669 3775 850 3843 collocatur
872 3782 962 3847 611116
985 3798 1043 3863 pro
1060 3776 1181 3857 calceo,
1206 3778 1321 3843 atrum
1343 3796 1403 3862 pro

373 4062 392 4131 ¹)
412 4056 699 4114 Commemoravimus
718 4058 821 4123 autem,
848 4062 881 4113 ut
899 4058 1077 4131 propositum
1102 4061 1171 4124 erat,
1198 4058 1335 4114 hocloco
1360 4075 1402 4125 ea,

284 4166 358 4219 quae
384 4148 493 4203 duobus
518 4146 611 4218 poetis
635 4144 794 4201 eommunia
817 4151 893 4202 sunt.
931 4146 1012 4214 Apud
1032 4144 1183 4216 Vergilium
1208 4150 1305 4203 autem
1322 4146 1405 4219 plura

284 4240 396 4293 exstare
420 4253 504 4293 nemo
529 4240 581 4303 est,
607 4235 655 4308 qui
678 4233 828 4301 infitiatum
858 4235 898 4291 sic
923 4232 1052 4288 homines
1070 4234 1252 4290 nominantur
1270 4237 1402 4302 metata,

284 4325 624 4394 circomspectione
643 4323 778 4381 similiter.
815 4321 871 4381 Cfr.
890 4325 1057 4378 Breumu
1068 4322 1171 4377 aller
1189 4325 1207 4379 l.
1226 4342 1249 4382 s.
1268 4341 1289 4381 s.
1308 4342 1354 4396 pg.
1367 4324 1404 4378 23

283 4429 351 4484 sqq,
371 4415 466 4470 Berlin
480 4415 549 4470 lesa
567 4431 613 4486 pg.
626 4414 657 4468 11
667 4430 727 4485 sqq.
