3600 5334
829 593 1053 658 -56-

470 769 570 836 Porro
594 768 751 836 hocloco
776 770 921 836 addatur
938 773 1055 857 pmqa,
1080 769 1168 856 quod
1191 770 1391 837 vocabulum
1414 771 1503 836 idem

382 876 547 960 significat
581 899 621 943 ac
653 897 804 963 campus:
844 879 979 961 Elysiae
1011 879 1079 945 uidi
1118 878 1230 944 nubila
1264 879 1357 962 fusca
1386 883 1506 965 414943

381 984 546 1066 111584.
592 984 704 1070 Atque
736 987 774 1050 ut
804 985 840 1049 in
870 983 1021 1067 aliorum,
1050 984 1157 1050 11314
1181 983 1343 1050 Martialis
1366 984 1506 1051 officina

380 1091 547 1157 rhetorica
568 1091 739 1157 invenitur
762 1114 880 1174 aequor
903 1112 961 1177 pro
985 1093 1069 1157 mari
1091 1094 1246 1156 exstans:
1276 1098 1398 1175 snecta,
1426 1095 1505 1160 diem

381 1200 503 1264 1433441
539 1219 680 1280 martura
714 1198 856 1265 Martem
889 1198 910 1263 l.
942 1201 1043 1283 spect.
1079 1198 1132 1279 24,
1146 1198 1180 1279 5,
1214 1198 1291 1267 torsit
1324 1201 1504 1267 Nereidum

381 1307 492 1372 docilis
526 1305 639 1373 chorus
672 1327 807 1388 aequore
841 1312 904 1372 toto
937 1303 957 1369 l.
992 1307 1094 1390 spect.
1130 1306 1230 1388 26,1,
1272 1327 1412 1387 aequora
1445 1328 1503 1390 ner

380 1413 513 1495 Scyllae,
543 1410 563 1476 i.
587 1433 614 1478 e.
645 1432 703 1497 per
734 1431 824 1476 mare
856 1411 1003 1477 Siculum
1034 1410 1094 1476 VH
1118 1413 1171 1495 44,
1184 1412 1218 1495 5,
1243 1414 1387 1497 piscator
1416 1415 1504 1497 ferat

382 1540 557 1601 manorum
588 1520 725 1602 rapinas
755 1517 786 1583 X
810 1518 1150 1601 87,18.-Quodam
1181 1522 1295 1584 autem
1317 1517 1389 1584 loco
1412 1518 1503 1584 Mar-

381 1625 472 1691 tialis
504 1626 638 1691 turbam
669 1647 708 1691 ac
738 1625 922 1692 tumultum
952 1626 1079 1691 Romae
1110 1625 1241 1692 viarum
1271 1624 1400 1692 confert
1428 1646 1504 1691 cum

310 1723 313 1730 ⁴
381 1731 473 1814 mari,
504 1730 594 1817 quod
615 1731 670 1798 ille
695 1753 736 1797 ex
760 1733 831 1797 eius
854 1734 1056 1818 proprietate
1080 1731 1227 1818 appellat
1249 1737 1367 1801 altum:
1400 1734 1502 1799 iacta-

380 1862 456 1907 mm·
478 1841 515 1907 in
536 1844 598 1908 atta
614 1837 645 1903 X
661 1839 713 1920 58,
727 1840 758 1924 7,
776 1839 864 1924 quod
879 1839 999 1904 idcirco
1015 1839 1158 1925 primum
1174 1860 1232 1926 per
1248 1838 1502 1926 synecdochem,

382 1944 500 2012 deinde
523 1967 582 2031 per
604 1945 836 2032 metaphoram
858 1945 1091 2029 intellegimus,

906 2143 978 2227 §a

471 2265 556 2331 Tum
580 2267 713 2333 omnino
730 2267 796 2332 huc
811 2270 967 2353 spectant
983 2288 1023 2332 ea
1039 2265 1201 2353 exempla,
1226 2287 1312 2352 quae
1328 2265 1504 2333 materiam

380 2394 439 2459 pro
470 2394 506 2438 re
537 2394 579 2439 ex
608 2393 649 2439 ea
676 2372 831 2440 coniecta
852 2374 1033 2459 praebent,
1065 2373 1160 2439 velut
1191 2372 1289 2439 clava
1316 2373 1505 2459 appellatur

380 2483 491 2547 robur:
516 2483 608 2549 cuim
631 2483 720 2549 14444
740 2485 819 2550 calet
833 2482 944 2547 robore
959 2480 1005 2546 IX
1021 2482 1074 2563 43,
1088 2481 1117 2545 4.
1155 2479 1336 2546 Praeterea
1358 2501 1503 2546 comme·

381 2586 544 2653 meranda
583 2586 740 2654 videntur
778 2608 836 2672 ea,
877 2610 895 2653 e
935 2588 1056 2673 quibus
1095 2588 1236 2675 apparat
1274 2590 1389 2655 citrum
1414 2585 1504 2653 idem

382 2695 567 2778 significare
592 2693 680 2780 quod
704 2716 841 2760 mensae
858 2694 994 2762 citreae:
1018 2698 1232 2763 testudineum
1247 2718 1376 2763 mensus
1391 2703 1504 2778 quatu

381 2802 573 2871 hexaclinon
596 2803 752 2882 incamuit
775 2803 853 2868 citro
876 2825 943 2869 nan
966 2804 1047 2870 eatis
1069 2825 1134 2870 csse
1156 2825 1214 2870 343
1237 2801 1283 2866 IX
1299 2802 1352 2885 59,
1366 2803 1386 2867 9
1400 2802 1504 2884 4110,

380 2911 519 2977 nouitas
541 2959 548 2974 .
574 2958 580 2973 .
605 2960 612 2973 .
636 2912 754 2976 citrum
776 2908 808 2974 X
824 2909 915 2992 80,2,
946 2911 1063 2977 citrum
1093 2917 1183 2978 octus
1204 2910 1398 2993 lamnasque
1427 2912 1503 2976 ien-

381 3017 452 3081 1433
486 3013 641 3098 11986,
674 3017 884 3084 Maurusiaci
913 3019 1061 3101 pondera
1094 3038 1176 3083 rara
1209 3017 1285 3083 citri
1317 3015 1377 3081 XII
1402 3015 1504 3098 66‚6;

380 3123 519 3190 nobilius
545 3124 655 3189 uillosa
683 3129 793 3209 teuent
824 3125 882 3190 tibi
912 3126 1012 3192 lintea
1039 3126 1152 3190 citrum
1173 3122 1252 3188 XIV
1269 3124 1341 3188 138.
1387 3122 1504 3207 Neque

381 3227 465 3293 haec
492 3228 635 3294 multum
658 3227 802 3295 distant:
832 3253 1027 3316 iaqosacum
1059 3233 1165 3297 vimen
1195 3231 1285 3297 breve
1307 3230 1505 3295 Picenarum

380 3333 427 3401 IV
450 3336 503 3418 88,
516 3337 553 3421 7,
584 3339 805 3419 semotamque
838 3339 934 3422 fabae
968 3360 1040 3405 cum
1069 3339 1189 3404 uimine
1220 3338 1416 3403 Picenarum
1438 3333 1503 3401 VII

381 3442 435 3525 53,
452 3441 635 3508 5.-’1441
659 3441 828 3509 addantur
849 3445 999 3512 harundo
1023 3447 1058 3509 31
1080 3445 1230 3526 calamus,
1254 3441 1375 3527 quibus
1390 3440 1503 3507 verbis

380 3550 416 3614 in
438 3548 600 3616 Martialis
625 3550 826 3616 carminibus
850 3550 1069 3634 designantur
1092 3570 1237 3632 caereo,
1262 3568 1348 3634 quae
1373 3568 1415 3614 ex
1437 3547 1504 3615 illis

381 3656 612 3723 coniiciuntur.
666 3657 759 3737 Quae
790 3658 984 3740 significant
1014 3661 1087 3723 tum
1118 3655 1245 3722 stilum:
1276 3655 1413 3739 13,1o;
1443 3655 1506 3723 VH

383 3765 434 3847 11,
450 3766 482 3848 1,
513 3763 573 3830 Vll
599 3766 649 3849 17,
665 3767 697 3846 7,
729 3765 774 3829 IX
800 3765 899 3847 13,3,
929 3764 976 3830 IX
1000 3765 1099 3849 73,9;
1122 3762 1199 3829 XIV
1222 3762 1302 3847 209,
1324 3761 1401 3827 XIV
1426 3763 1504 3846 120),

380 3873 453 3936 tum
476 3871 604 3954 virgam
628 3872 807 3938 viscatam:
838 3871 884 3936 IX
908 3872 1005 3955 54,3,
1028 3871 1103 3936 XIII
1127 3871 1183 3954 68,
1205 3868 1283 3936 XIV
1308 3870 1503 3952 (21711444

381 3977 554 4059 sagittam:
590 3977 621 4041 X
660 3979 758 4062 15,1,
793 3981 867 4043 tum
903 3977 1041 4043 hamum
1071 3977 1250 4063 piscarium
1284 3976 1328 4042 IV
1353 3976 1504 4050 3119.-

380 4085 494 4152 Accua
524 4086 640 4149 autem
671 4089 706 4149 et
734 4084 842 4165 fistula
873 4088 1012 4150 exstant
1042 4104 1101 4170 pro
1132 4083 1217 4149 tibia
1239 4082 1293 4148 his
1316 4082 1410 4148 locis:
1445 4105 1505 4150 an·

380 4198 476 4276 94314
506 4196 639 4256 cantare
660 4191 732 4257 licet
752 4194 894 4258 41444413
917 4213 1033 4275 auena,
1056 4193 1134 4257 dum
1157 4197 1215 4257 tua
1238 4191 1503 4257 4411444414-

381 4297 672 4364 4414434414543
699 4295 770 4361 VIII
793 4298 823 4375 3,
837 4297 879 4360 21
896 4299 932 4361 et
947 4297 1003 4381 22,
1035 4299 1152 4363 terruit
1182 4303 1212 4363 et
1242 4299 1374 4364 tacitam
1395 4296 1507 4377 fistula

379 4422 453 4468 sera
475 4405 604 4468 domum
626 4399 672 4464 IX
695 4403 747 4485 81,
762 4403 810 4470 12.
