3600 5334
845 691 890 702 -.
936 654 980 718 54
1025 691 1070 701 ..-

877 831 968 933 cap.
987 829 1041 918 Vl.

486 972 701 1060 conquirenti
730 974 813 1057 iam,
845 994 928 1040 num
959 972 1115 1059 exempla
1145 971 1347 1038 contrariam
1377 946 1520 1038 formam

395 1079 593 1166 praebentia
620 1078 710 1164 apud
737 1078 926 1146 Martialem
953 1079 1171 1165 reperiantur,
1199 1099 1309 1164 pauca
1335 1079 1519 1144 occurrunt.

396 1185 472 1252 Non
493 1207 668 1272 nunquam
690 1189 806 1252 autem
828 1186 891 1251 viri
914 1185 1003 1252 docti
1025 1187 1060 1251 in
1084 1186 1148 1251 bac
1171 1185 1280 1271 specie
1303 1184 1431 1250 versari
1446 1184 1518 1270 opi·

397 1296 522 1358 nantur
553 1313 603 1375 ea,
636 1312 723 1379 quae
746 1292 859 1379 potius
891 1312 967 1359 cum
998 1290 1269 1375 Lindskogio
1293 1292 1519 1379 metonymian

396 1397 670 1481 subiungimus„
683 1398 821 1464 Plurimi
844 1398 934 1465 enim
960 1398 1169 1482 grammatici
1192 1418 1250 1484 per
1272 1397 1364 1464 bunc
1386 1401 1520 1484 tropum

396 1504 605 1589 intellegunt,
630 1527 704 1571 eum
721 1507 846 1590 elephas
860 1526 919 1591 pro
936 1506 1046 1588 ebore,
1071 1504 1193 1571 similia
1208 1507 1412 1592 ponuntur)
1445 1503 1519 1584 Qua

395 1609 436 1677 de
453 1613 622 1678 sententia
637 1633 739 1698 supra
754 1610 1010 1698 disputavimus,
1049 1611 1177 1692 Quibus
1193 1610 1384 1699 praemissis
1400 1613 1516 1693 restat,

395 1721 435 1783 ut
451 1739 492 1784 ea
506 1718 620 1803 verba,
644 1739 732 1805 quae
748 1716 792 1785 ad
808 1717 1052 1806 synecdochem
1069 1717 1244 1785 referenda
1260 1720 1350 1803 sunt,
1376 1738 1518 1783 comme·

394 1845 571 1891 moremus.
617 1826 663 1891 Ut
690 1826 778 1892 enim
806 1826 897 1912 apud
920 1824 1104 1910 Vergilium
1133 1826 1324 1909 (A.1114):
1355 1827 1470 1911 iapeas
1497 1847 1519 1892 a

395 1934 510 2000 cestim
519 1940 642 2017 pactas
656 1935 693 2000 ia
703 1935 842 2018 puppim
855 1935 945 2018 ferit,
968 1933 987 1998 i.
1004 1953 1031 1998 e.
1049 1953 1157 2018 aquae
1173 1933 1226 1998 vis
1244 1934 1399 2016 magna')
1417 1932 1518 2017 scrip·

393 2041 468 2103 tum
490 2037 653 2122 videmus,
681 2041 732 2105 ita
754 2038 845 2126 apud
867 2038 1071 2106 Martialem:
1098 2063 1222 2108 messias
1248 2042 1399 2125 flactibus
1426 2040 1518 2106 obru-

395 2151 508 2227 tasqae
531 2154 633 2230 pcata
658 2149 711 2215 IX
730 2148 818 2230 40,7
851 2150 975 2230 exstat,
1005 2146 1063 2213 ubi
1090 2150 1201 2213 totum
1230 2148 1353 2234 excipIt
1380 2148 1517 2233 partem.

394 2251 480 2315 Tum
508 2250 712 2319 collocantur
742 2253 785 2318 ab
815 2252 879 2319 hoc
907 2256 1009 2340 poeta
1036 2277 1155 2338 aequm
1183 2273 1241 2339 pro
1270 2274 1360 2339 aqua
1388 2274 1406 2319 e
1434 2252 1518 2319 mari

328 2447 332 2453 η
395 2355 535 2424 hausta:
562 2362 667 2443 spirat
692 2362 730 2427 ia
758 2363 885 2429 advecto
909 2414 916 2428 .
940 2414 978 2428 ..
1008 2382 1145 2443 aequam
1171 2364 1289 2429 malias
1311 2362 1398 2429 XIH
1414 2361 1466 2443 79,
1483 2361 1517 2442 13

394 2487 486 2531 meas
499 2486 558 2551 pro
575 2486 675 2533 saxo:
691 2470 830 2552 inquieti
843 2475 952 2535 macie
962 2469 1096 2553 Sisyphi
1105 2490 1238 2554 pressais
1248 2469 1282 2534 X
1293 2467 1326 2548 5,
1341 2467 1398 2549 153
1421 2468 1518 2533 aiaea

393 2592 452 2657 pro
468 2573 553 2638 vite:
570 2576 665 2642 oiaea
679 2578 764 2659 qaod
773 2577 894 2661 primis
909 2598 982 2643 cam
995 2578 1088 2661 florei
1103 2595 1187 2642 eaaa
1201 2575 1337 2641 racemis
1351 2576 1403 2641 ΙΠ
1415 2573 1468 2655 65,
1482 2574 1516 2658 33

392 2680 473 2747 sava
500 2700 558 2765 pro
586 2679 716 2747 fronde:
745 2683 887 2749 cedentes
915 2684 1008 2749 aceri
1034 2704 1141 2749 camos
1168 2683 1343 2765 silvamque
1366 2682 1517 2754 dicaam

392 2788 445 2853 XI
460 2787 513 2870 41,
530 2787 567 2871 33
591 2788 751 2858 thalamus
773 2809 832 2875 pro
856 2787 961 2855 lecto:
985 2811 1027 2856 ae
1048 2812 1150 2876 capas
1169 2811 1191 2856 a
1207 2789 1358 2857 thalamis
1373 2789 1517 2874 coaiaqis

393 2900 477 2960 eruet
499 2916 590 2961 amor
611 2897 681 2963 XII
696 2897 748 2978 96,
761 2896 798 2977 8;
828 2917 931 2983 peuces
961 2916 1020 2982 pro
1051 2894 1225 2982 progenie:
1252 2896 1361 2962 Ledae
1386 2902 1517 2980 poteras

393 3002 565 3068 adsociare
585 3024 695 3087 penas,
720 3022 785 3087 quo
810 3001 1046 3084 significantur
1061 3000 1180 3068 Castor
1203 3005 1237 3068 et
1252 3000 1381 3086 Pollux,
1405 2999 1515 3066 Ledae

392 3104 464 3186 filii,
488 3108 554 3173 VH
570 3107 622 3187 24,
639 3107 729 3171 6.-
744 3105 818 3173 Huc
839 3108 1003 3174 accedant
1018 3109 1157 3174 nomina
1171 3108 1315 3194 propria:
1339 3110 1516 3191 Hesperias

392 3209 481 3276 idem
497 3213 550 3276 est
566 3215 667 3296 atque
683 3213 887 3298 Hispaniam
903 3216 986 3282 vm
1002 3215 1054 3297 78,
1068 3215 1102 3296 63
1125 3216 1178 3281 IX
1192 3215 1246 3295 61,
1256 3215 1290 3297 4,
1305 3216 1358 3281 IX
1372 3214 1444 3295 101,
1460 3213 1514 3294 103

391 3319 479 3384 XHI
494 3316 546 3398 40,
561 3318 590 3380 2.
627 3318 730 3404 Ia'bys
744 3317 834 3384 idem
850 3320 944 3386 valet
960 3341 1000 3386 ac
1014 3318 1227 3385 Numidicus:
1249 3321 1353 3405 libys
1371 3321 1408 3385 iii
1422 3320 1514 3404 inape

389 3426 518 3507 paleae
540 3426 631 3492 sudet
653 3445 747 3506 eqaes
769 3426 804 3490 X
821 3426 872 3509 13,
886 3427 916 3489 2.

866 3620 957 3722 cap.
977 3619 1043 3701 νιι.

920 3763 938 3848 s
957 3764 985 3829 1.

481 3870 655 3973 Deinceps,
679 3889 718 3953 ut
741 3890 814 3953 erat
837 3888 1053 3974 propositum,
1077 3886 1118 3953 de
1141 3886 1182 3952 iis
1205 3886 1317 3953 verbis
1338 3885 1513 3953 dicendum

391 3995 459 4076 est,
494 3994 529 4059 in
560 3995 681 4080 quibus
711 4015 817 4078 genus
848 4016 907 4081 pro
939 3995 1047 4081 specie
1079 3995 1221 4080 ponitur.
1276 3993 1372 4075 Quod
1394 4014 1513 4081 synec-

392 4098 518 4167 dochae
549 4121 656 4184 genus
686 4101 926 4186 nanciscimur,
957 4101 1108 4184 abires,
1144 4123 1231 4188 quae
1264 4121 1456 4186 quanquam
1478 4101 1514 4165 in

393 4206 511 4273 ceteris
535 4206 783 4293 dissimillimae,
808 4211 924 4275 tamen
946 4228 1037 4274 nexu
1060 4206 1205 4294 quodam
1228 4210 1383 4274 notarum
1408 4228 1450 4273 ex
1471 4206 1513 4272 iis

482 4386 501 4453 ¹)
521 4383 591 4438 Vide
609 4384 816 4455 Lindskog
834 4400 879 4455 pg.
895 4384 940 4438 20.

480 4473 500 4542 ⁹)
519 4469 662 4526 Charisius
680 4488 726 4542 ap.
746 4471 807 4526 Keil
820 4471 910 4526 1274.
