3600 5334
746 666 968 729 „17-

294 841 400 909 etiarn
415 842 450 907 iu
465 842 531 907 his:
547 840 644 924 Verg.
656 842 694 907 A.
706 842 751 911 VI
763 842 842 924 8363
853 839 929 907 VIII
940 842 1016 924 347,
1028 840 1102 923 653,
1118 839 1177 906 ubi
1188 861 1247 927 pro
1262 842 1418 927 Capitolio

294 948 457 1035 scriptum
471 948 624 1014 videmus
644 949 809 1033 Capitolia,
832 952 906 1015 tum
926 947 970 1013 III
986 949 1042 1033 84;
1065 945 1097 1011 V
1112 948 1169 1030 603
1189 947 1238 1014 VI
1254 948 1296 1012 19
1313 950 1348 1014 et
1364 949 1417 1032 41,

297 1054 418 1140 quibus
441 1054 521 1121 locis
544 1053 735 1121 invenimus
759 1057 873 1141 templu
896 1075 954 1140 pro
979 1055 1100 1140 templo,
1126 1051 1244 1120 deinde
1264 1053 1326 1120 VH
1341 1055 1418 1141 364,

295 1161 329 1226 X
352 1162 405 1247 54,
438 1160 496 1227 ubi
523 1181 582 1247 pro
607 1161 688 1227 urbe
712 1164 850 1228 exstant
873 1161 973 1229 urbes.
1021 1161 1114 1242 Quae
1137 1160 1258 1246 omnia,
1284 1163 1325 1228 ut
1346 1181 1419 1226 ma·

298 1268 403 1334 iestas
426 1288 536 1334 rerum
559 1268 663 1334 oculis
686 1267 869 1352 legentium
892 1270 1138 1355 proponeretur,
1159 1265 1249 1333 dicta
1264 1268 1421 1354 opinetur

296 1373 352 1439 ille
375 1375 426 1441 vir
449 1372 600 1458 doctusl)
640 1374 706 1441 Sed
729 1378 769 1441 ut
791 1374 873 1442 illud
889 1376 1134 1457 argumentum,
1157 1374 1207 1440 ita
1230 1373 1306 1458 alia,
1332 1395 1418 1460 quae

297 1481 326 1546 is
349 1480 483 1568 profert,
507 1483 589 1548 eunt
604 1482 801 1568 spinosiora,
824 1502 928 1568 quam
950 1484 991 1547 ut
1012 1480 1054 1546 iis
1070 1480 1227 1547 assentIri
1242 1482 1417 1568 possimus

295 1587 393 1671 Nam,
417 1590 458 1654 ut
480 1608 586 1654 unum
609 1607 914 1668 commemoremus,
940 1587 1092 1673 quaestio
1116 1589 1178 1669 est,
1207 1608 1265 1653 cur
1287 1588 1322 1652 in
1345 1588 1419 1654 aliis

296 1694 471 1760 vocabulis
486 1693 541 1760 ille
557 1692 694 1779 pluralis
710 1693 860 1779 po'e'tious
875 1714 944 1758 non
961 1694 1080 1775 exstet,
1103 1695 1143 1758 ut
1158 1693 1300 1778 exempli
1316 1714 1421 1761 causa

294 1802 429 1868 ircoeues
445 1799 635 1882 significent
657 1799 815 1865 iuvenem
832 1798 1019 1867 admirabili
1041 1798 1295 1885 pulchritudine.
1334 1799 1420 1866 Turn

296 1927 386 1991 quae
403 1905 594 1972 differentia
608 1905 742 1972 intersit
763 1906 851 1973 inter
867 1905 1017 1972 eiusdem
1032 1906 1127 1973 verbi
1142 1906 1323 1990 notionem,
1348 1907 1420 1973 sive

298 2012 335 2077 in
356 2011 476 2099 plurali
498 2012 634 2098 ponitur
648 2013 728 2080 sive
750 2013 786 2079 in
803 2013 971 2096 singulari
995 2014 1190 2100 saepissime
1209 2014 1420 2100 perspicuum

297 2138 367 2184 non
398 2121 451 2185 est
480 2120 516 2185 in
545 2119 746 2186 carminibus
775 2119 923 2206 priorum
950 2122 1137 2207 temporum
1168 2123 1203 2187 et
1229 2121 1420 2207 posterioris

296 2226 435 2310 aetatis,
467 2224 562 2293 velut
593 2225 681 2312 apud
712 2226 899 2294 Martialem
922 2251 1074 2313 marmor,
1107 2249 1302 2314 quanquam
1332 2226 1421 2294 idem

298 2332 473 2416 significat,
502 2333 538 2398 in
560 2336 703 2420 utroque
725 2355 863 2400 numero
888 2333 1069 2402 collocatur
1088 2333 1164 2400 VIII
1184 2335 1215 2416 3,
1229 2336 1264 2419 63
1288 2333 1319 2398 X
1342 2335 1372 2418 2,
1386 2335 1421 2419 93

297 2438 1068 2528 X63,1-V128,4;X71,2;X113,2.

389 2563 454 2630 Sed
488 2585 554 2650 quo
589 2565 726 2631 oonsilio
761 2587 796 2632 re
830 2586 913 2632 vera
943 2586 1019 2631 cum
1050 2564 1123 2631 aliis
1154 2566 1228 2631 tum
1257 2518 1311 2629 his
1341 2563 1421 2630 locis

295 2669 460 2756 pluralem
499 2672 735 2756 usurpaverint
769 2673 907 2757 poetae,
947 2674 1015 2739 iam
1049 2671 1258 2754 grammatici
1292 2670 1422 2756 antiqui

299 2780 557 2861 perspexerunt,
597 2798 640 2842 ex
671 2777 808 2862 quibuS,
841 2781 881 2843 ut
911 2798 1016 2842 unum
1051 2776 1252 2860 afferamuS,
1285 2775 1421 2842 Servius

297 2881 344 2946 ad
375 2880 471 2963 Verg.
494 2879 530 2946 B.
554 2881 584 2966 5,
595 2882 638 2948 36
668 2881 752 2948 haee
782 2881 936 2948 adnotat:
967 2883 1085 2950 hordeo
1115 2884 1301 2968 usurpative
1331 2886 1422 2952 metri

298 3008 399 3055 cuusu
428 2989 529 3071 offuit,
560 3009 639 3054 uum
670 2989 828 3073 triticeum,
859 2989 1026 3075 hordeum,
1056 2991 1186 3076 murem,
1214 2994 1271 3060 uu
1292 2992 1422 3059 uumeri

301 3101 427 3161 tautum
450 3094 627 3181 singularis
649 3101 733 3162 suut.

389 3220 501 3305 Atque
516 3217 605 3284 idem
620 3221 798 3285 senserunt
814 3219 866 3284 his
883 3219 1017 3286 demum
1033 3222 1238 3309 temporibus
1249 3227 1287 3291 P.
1299 3221 1420 3307 Meas,

298 3324 350 3390 Fr.
374 3324 521 3412 Slotty,
554 3324 626 3410 alii,
658 3346 799 3412 quorum
830 3326 1076 3413 disputationes
1102 3329 1289 3414 nuperrime
1313 3329 1420 3396 editas

299 3431 358 3517 qui
387 3431 544 3519 perleget,
577 3434 763 3516 cognoscet,
788 3435 958 3519 quatenus
981 3433 1120 3500 valeant
1142 3434 1185 3502 ad
1208 3456 1421 3502 numerorum

301 3540 597 3605 commutationem
627 3541 786 3606 metricae
819 3561 951 3607 causae.
961 3542 983 3623 q
1046 3540 1192 3621 Quorum
1217 3543 1423 3623 argumenta

298 3646 495 3711 summatim
518 3649 761 3733 exponantur.⁸)

390 3751 514 3817 Poetae
529 3751 650 3836 Latini,
667 3774 743 3819 cum
758 3754 921 3840 prioribus
937 3755 1141 3840 temporibus
1150 3773 1251 3819 versu
1264 3753 1420 3820 Saturnio

301 3853 452 3936 neglecto
488 3860 596 3923 metra
627 3858 792 3945 dactylica
821 3860 857 3927 in
888 3861 1016 3946 poesim
1046 3857 1266 3925 introducturi
1297 3862 1420 3943 essent,

301 3960 525 4027 versabantur
539 3964 574 4028 in
590 3985 722 4031 summa
738 3964 947 4050 difficultate3
964 3965 1209 4050 desiderabant,
1227 3987 1302 4032 cum
1318 3965 1423 4034 verba

393 4210 411 4280 ¹)
430 4210 462 4265 L.
475 4226 497 4265 s.
510 4226 532 4266 s.
551 4227 596 4282 pg.
612 4210 653 4266 11.

391 4299 411 4368 ⁹)
430 4298 491 4353 Hae
509 4315 593 4370 supra
611 4302 678 4354 sunt
695 4299 806 4356 allatae.

392 4388 412 4457 ὅ)
430 4387 549 4442 Pluralis
578 4389 682 4460 poetici
710 4391 786 4459 apud
810 4389 969 4445 Martialem
993 4409 1075 4447 usum
1100 4395 1201 4463 postea
1225 4394 1423 4464 perscrutabor

300 4477 543 4532 commentatione
567 4477 661 4533 libcdc
686 4477 857 4535 scholastico
882 4480 1023 4550 gymnasii
1049 4481 1294 4538 Duderstadicnsis
1313 4480 1422 4538 addita.

1227 4571 1261 4624 2*
