3600 5334
842 624 1066 687 -46-

309 880 312 885 ,
395 799 546 866 Graecus
570 798 689 865 deinde
706 802 876 884 ponuntur
898 801 939 865 ut
962 800 1005 865 ab
1023 799 1097 866 aliis
1120 800 1238 885 positia,
1262 799 1313 865 ita
1328 822 1349 865 a
1365 800 1518 867 Martiale

394 907 537 993 Arpinus
549 908 585 972 et
598 908 782 991 iripoleos:
805 907 946 992 Arpinus
964 914 1137 992 pennatus
1152 908 1239 974 iuter
1253 909 1348 975 urbes
1359 906 1404 972 IV
1417 909 1470 985 55,
1482 910 1518 992 43

393 1036 451 1081 uec
465 1020 554 1081 tener
569 1014 716 1092 Arretina
731 1015 847 1081 missus
862 1017 900 1080 de
915 1021 1008 1100 pente
1023 1015 1170 1081 minister
1181 1012 1227 1078 IV
1238 1015 1291 1095 66,
1305 1016 1333 1080 9.
1358 1013 1517 1080 Conferas

394 1141 520 1207 quaeso
544 1123 718 1205 praeterea
739 1119 837 1186 haee:
859 1121 1044 1188 Parrhasio
1068 1174 1074 1187 .
1099 1174 1106 1188 .
1130 1173 1137 1187 .
1161 1174 1168 1188 .
1191 1122 1250 1189 sub
1265 1144 1343 1189 urso
1358 1120 1404 1187 IV
1419 1122 1469 1204 11,
1482 1122 1517 1203 33

393 1228 590 1294 Parrhasios
605 1280 612 1293 .
629 1281 635 1293 .
653 1281 659 1293 .
676 1280 682 1293 .
700 1229 819 1294 triones
841 1226 999 1311 V158,1;
1023 1228 1203 1296 Parrhasio
1223 1231 1357 1314 ...iope
1368 1227 1474 1311 Vina,
1485 1229 1515 1312 2,

394 1333 451 1398 ubi
473 1334 674 1401 Parrhasius
689 1331 776 1398 idem
794 1336 965 1418 astatque
981 1333 1145 1399 Arcadius
1161 1334 1217 1401 vel
1237 1333 1516 1420 septentrionalia.

393 1438 481 1505 Nam
508 1442 627 1522 arctoa
659 1461 745 1525 quae
775 1439 840 1505 iliis
870 1440 952 1506 loeis
983 1439 1195 1524 intellegitur,
1231 1443 1320 1526 capit
1351 1461 1516 1506 nomene

394 1544 539 1629 calisto,
568 1545 639 1611 iilia
662 1545 836 1633 LycaoniS,
860 1546 1028 1612 Arcadum
1059 1549 1154 1632 regia,
1191 1568 1277 1633 quae
1312 1546 1355 1611 ad
1386 1547 1516 1612 eaelum

393 1651 510 1718 ablata
545 1656 580 1718 et
612 1653 700 1718 inter
733 1652 850 1718 stellas
885 1653 1050 1720 ooilooata
1081 1656 1142 1719 est.
1165 1692 1210 1700 —
1233 1653 1319 1718 Tum
1355 1653 1516 1737 Odrysius

392 1757 480 1824 idem
503 1758 597 1826 valet
620 1780 659 1824 ao
682 1758 860 1826 Thraoious
883 1760 940 1826 vel
962 1760 1077 1846 potius
1101 1759 1386 1847 septentrionalis:
1417 1762 1516 1827 vietor

392 1866 431 1933 ub
461 1867 597 1951 Odrysio
627 1868 774 1935 redditur
805 1868 877 1934 orbe
907 1870 985 1935 detis
1014 1865 1075 1932 VH
1087 1868 1118 1949 8,
1133 1869 1167 1951 23
1208 1867 1359 1933 similiter
1390 1865 1516 1932 dietum

394 1975 459 2039 est:
476 1980 634 2057 qzioteuus
645 1976 799 2059 Odrysios
809 1976 877 2041 ium
889 1996 958 2059 pou
969 1977 1123 2042 Roinouu
1140 1977 1260 2043 triones
1272 1979 1327 2058 (so.
1340 1979 1514 2060 temperat),

392 2079 449 2145 ie.
466 2100 580 2145 omnes
596 2082 712 2165 terras,
727 2102 812 2166 quae
829 2080 873 2147 ad
889 2082 1152 2167 septentrionem
1168 2084 1324 2167 spectant
1337 2080 1515 2166 (V1180,1);

392 2208 516 2269 nomem
541 2187 580 2253 ub
606 2190 742 2273 Odrysio
765 2192 848 2273 qiiod
870 2191 949 2256 desis
972 2189 1043 2255 orbe
1067 2190 1140 2255 tulit
1154 2187 1201 2252 IX
1214 2189 1312 2272 93,8;
1335 2190 1516 2271 pomumque

395 2294 550 2378 Odrysias
580 2295 691 2363 bosius
713 2299 858 2379 pruinas
880 2293 912 2358 X
925 2296 953 2376 7,
967 2295 996 2360 2.
1041 2293 1129 2359 Nam
1159 2293 1194 2357 hi
1225 2313 1340 2359 omnes
1371 2292 1444 2378 loei,
1479 2294 1515 2358 in

393 2399 514 2485 quibus
540 2404 698 2487 Odrysius
721 2404 844 2484 exstat,
876 2400 1046 2486 pertinent
1070 2398 1112 2464 ad
1140 2398 1234 2463 illam
1258 2397 1513 2485 expeditionem,

392 2526 494 2590 quam
516 2506 694 2594 imperator
717 2508 930 2573 Domitianus
954 2508 1070 2572 eontra
1094 2505 1268 2571 Sarmatas
1293 2506 1447 2591 suscepit.
1471 2544 1516 2551 -

391 2612 584 2699 Eademque
607 2613 676 2680 fere
700 2613 830 2679 ratione
854 2613 889 2677 hi
916 2633 1036 2677 versus
1061 2615 1142 2677 sunt
1157 2610 1386 2695 intellegendi:
1412 2612 1515 2679 Getici

391 2722 498 2788 sideru
515 2723 616 2807 pipin
632 2723 701 2805 poti
716 2719 826 2801 V158,
841 2719 870 2803 2,
896 2740 983 2804 quae
999 2719 1105 2785 verba
1128 2717 1172 2784 ad
1187 2718 1309 2784 Aulum
1327 2717 1514 2785 Pudentem

391 2826 589 2910 referuntur,
624 2827 681 2911 qui
714 2827 750 2890 in
777 2826 952 2892 Pannonia
987 2825 1156 2913 stipendia
1189 2826 1319 2892 meruit.
1342 2864 1388 2872 —
1412 2827 1515 2893 Getici

393 2937 511 3003 tutores
532 2937 638 3001 sidero
651 2933 750 3018 pipin
769 2936 834 3017 poti
845 2933 892 2999 IX
904 2934 958 3019 45,
972 2935 1003 3018 2,
1028 2935 1047 3000 i.
1064 2957 1091 3000 e.
1108 2934 1143 2999 in
1158 2933 1246 3000 bello
1263 2954 1339 2999 eum
1351 2933 1514 2998 Sarmatis

391 3044 499 3123 gest03
523 3039 657 3106 omnino
681 3043 797 3105 autem
816 3043 946 3109 Geticus
968 3062 1027 3127 pro
1047 3041 1344 3127 ‘septentrionalis'
1370 3039 1513 3106 eoilooa-

391 3149 457 3213 tur:
488 3148 542 3213 sed
564 3168 652 3213 meus
681 3147 718 3213 iu
745 3148 864 3215 Getieis
887 3149 931 3215 ud
953 3150 1080 3216 Martia
1110 3150 1206 3234 siquo
1222 3149 1359 3232 pruinis
1381 3145 1470 3229 XI3,
1483 3146 1512 3210 3.

481 3253 510 3316 2.
532 3251 660 3317 Deinde
691 3253 878 3320 afferantur
910 3275 952 3320 ea
981 3254 1158 3338 adieetiva,
1191 3274 1277 3339 quae
1301 3253 1345 3317 ad
1367 3251 1513 3316 Africam

391 3361 553 3444 spectant.
607 3360 771 3443 Massylus
817 3361 905 3426 enim
951 3363 1065 3426 exstat
1109 3381 1166 3447 pro
1212 3358 1411 3423 ‘Africanus’
1458 3356 1513 3422 vel

387 3463 613 3530 ‘Numidicus'.
658 3467 805 3551 Massylo
820 3489 882 3550 per
897 3469 974 3534 avio
994 3467 1068 3532 VIII
1080 3467 1133 3548 55,
1145 3468 1177 3549 13
1200 3465 1345 3547 Massyla
1360 3502 1404 3511 -
1418 3465 1513 3549 vireu

390 3571 601 3656 IX22‚14;¹)
625 3572 764 3656 Massyli
786 3611 831 3620 —
853 3575 924 3659 tupi
945 3572 991 3637 IX
1004 3575 1056 3656 71,
1072 3574 1104 3655 1,
1132 3574 1298 3657 Massylus
1320 3609 1364 3616 —
1386 3592 1513 3655 serpens

390 3677 535 3763 x94,1;
572 3680 710 3763 Massyli
740 3703 836 3764 pomo
865 3681 1015 3748 droconis
1037 3678 1175 3762 xffler,
1190 3680 1223 3764 2;
1261 3679 1402 3746 Maurus
1425 3675 1513 3743 idem

391 3787 444 3851 est
466 3806 506 3852 ao
528 3784 709 3873 ‘Libycus’z
732 3788 847 3856 Mauri
870 3838 877 3852 .
901 3837 908 3852 .
933 3838 939 3853 .
963 3839 970 3854 .
993 3788 1081 3855 orbes
1103 3786 1150 3852 IX
1163 3787 1291 3873 22,5;²)
1322 3787 1421 3854 moue
1443 3784 1513 3865 filio

389 3895 531 3961 Maurus
564 3892 640 3958 XIV
654 3894 706 3979 90,
723 3896 775 3977 12)
838 3893 995 3960 Similiter
1034 3896 1242 3979 Mareoticus,
1282 3894 1512 3976 Paraetonius,

389 4001 616 4084 Memphiticus
626 4000 716 4067 idem
726 4001 918 4085 significant
931 4004 1033 4087 atque
1049 4001 1311 4089 ‘Aegyptiacus’t
1327 3998 1403 4065 VIII
1415 3999 1467 4081 36,
1477 3998 1511 4082 33

481 4178 500 4247 1)
518 4177 590 4233 Nam
608 4177 746 4234 Numidae
764 4182 833 4234 ante
851 4195 947 4234 currus
966 4180 1096 4250 equitare
1114 4177 1252 4232 solebant.

480 4268 500 4337 ⁹)
519 4265 705 4333 ufr.1143,9:
731 4271 764 4323 tu
782 4267 905 4339 Libycos
923 4268 999 4322 Indis
1018 4264 1165 4336 suspendis
1185 4264 1318 4320 dentibus
1337 4266 1427 4330 orbae,
1455 4263 1473 4318 i.
1487 4278 1511 4318 e.

393 4360 425 4410 tu
443 4356 571 4427 possides
589 4373 749 4412 mensarum
767 4357 880 4411 tabulas
899 4370 916 4410 e
935 4355 1005 4409 eitro
1018 4352 1152 4408 Afrioano
1171 4354 1217 4408 vel
1229 4353 1336 4425 Libyoo
1356 4352 1511 4418 coniectas,

392 4462 464 4515 quae
482 4445 512 4499 in
531 4444 650 4514 pedibus
669 4444 798 4499 eburneis
816 4443 926 4515 positae
944 4443 1019 4497 sunt.
