3600 5334
759 639 980 705 -37-

308 836 362 882 res
386 837 407 881 a
429 814 587 881 membris
611 817 749 902 partevc
774 816 918 903 corporis
940 815 1056 904 periici
1079 814 1244 900 dicuntur,
1276 839 1362 904 quae
1386 818 1430 883 ab

308 922 443 989 homine
466 924 628 1005 geruntur
650 924 755 1006 toto.¹)

836 1083 908 1168 §a

398 1207 469 1272 Iam
493 1201 535 1272 ad
560 1207 760 1273 contrariam
785 1208 937 1293 speciem,
961 1209 996 1274 in
1021 1229 1088 1294 qua
1107 1211 1230 1275 'totum
1249 1230 1308 1295 pro
1323 1212 1429 1296 parte’

307 1313 450 1399 ponitur,
475 1313 730 1380 transeuntibus
753 1335 877 1397 magna
892 1314 1027 1381 exsistit
1043 1316 1204 1401 quaestio.
1245 1314 1337 1395 Quae
1354 1337 1429 1402 per-

307 1418 394 1485 tinet
417 1418 461 1484 ad
483 1418 540 1484 illa
563 1421 725 1506 exempla,
750 1421 808 1486 ubi
831 1442 888 1507 pro
913 1419 1023 1505 rebus,
1048 1443 1133 1508 quas
1155 1422 1191 1487 in
1214 1443 1313 1487 usum
1329 1444 1428 1488 suum

308 1525 483 1591 conferunt
504 1525 666 1609 homines,
692 1530 863 1613 ponuntur
885 1527 1015 1594 bestiae
1039 1527 1095 1593 vel
1119 1549 1233 1594 earum
1257 1549 1428 1614 corporum

306 1636 430 1717 partae,
456 1654 474 1698 e
498 1632 620 1719 quibus
644 1631 699 1700 ille
721 1633 853 1699 fructus
876 1634 1064 1720 percipitur.
1103 1635 1148 1700 Ut
1172 1635 1260 1700 enim
1276 1635 1428 1722 exemplo

306 1741 451 1821 utamur,
483 1738 572 1826 apud
595 1738 782 1805 Martialem
813 1739 876 1805 hoc
897 1740 1085 1806 invenitur:
1110 1749 1235 1826 palectu
1258 1743 1342 1808 uotis
1364 1744 1429 1808 alca

305 1844 381 1912 XIV
397 1847 449 1912 92.
495 1845 673 1912 Sententia
695 1850 810 1911 autem
832 1846 993 1933 postulat,
1017 1849 1057 1912 ut
1075 1846 1142 1913 ilex
1158 1846 1245 1913 idem
1261 1847 1428 1930 significet

305 1973 345 2019 ac
378 1951 547 2019 ‘baculum
580 1973 598 2018 e
631 1973 772 2039 quercus
804 1953 894 2038 ligno
927 1954 1073 2021 iactum’.
1128 1953 1287 2021 Similiter
1315 1977 1427 2023 aarum

305 2059 504 2127 rhinocerota
536 2083 585 2128 me
609 2061 751 2146 pambas
774 2059 851 2127 XIV
874 2062 918 2127 52
949 2060 1038 2127 idem
1062 2064 1116 2128 est
1138 2083 1179 2129 ac
1201 2061 1427 2145 ‘lagunculam

306 2186 348 2231 ex
377 2166 594 2233 rhinocerotis
627 2188 729 2233 comu
761 2166 949 2235 confectam
979 2189 1033 2234 me
1056 2169 1222 2256 putabas'.
1268 2167 1426 2236 Conferas

304 2293 398 2359 porro
430 2295 475 2340 cn
505 2274 643 2359 Libycos
671 2275 767 2343 Iactis
796 2277 967 2361 suspendis
997 2278 1145 2345 docilibus
1174 2278 1262 2344 orbes
1285 2275 1383 2359 1143,
1393 2277 1424 2359 9,

304 2379 362 2446 ubi
384 2378 487 2467 pedes
511 2380 648 2447 eburnei
670 2381 921 2466 intellegrmtur,
946 2382 981 2447 in
1005 2382 1126 2469 quibus
1149 2402 1286 2448 mensae
1303 2383 1426 2447 citreae

304 2487 433 2572 positae
465 2490 545 2554 sunt
578 2487 628 2569 (cf.
644 2488 690 2554 IX
707 2488 804 2572 22‚5;
835 2488 881 2553 IX
896 2490 950 2572 59,
976 2490 1099 2572 7-10;
1126 2487 1158 2552 X
1173 2489 1226 2571 98,
1236 2489 1267 2569 6,
1291 2486 1369 2552 XIV
1384 2489 1424 2565 3).

304 2593 423 2674 Qualia
445 2595 610 2681 permulti,
636 2594 982 2678 utVolkmann,²)
1007 2594 1215 2677 Straub,⁰)
1239 2593 1425 2677 Frank,⁴)

304 2698 466 2783 Gross,⁶)
502 2700 856 2784 Braumueller,⁶)
892 2722 967 2766 cum
1000 2722 1059 2786 pro
1090 2703 1163 2766 toto
1195 2702 1306 2765 exstet
1336 2719 1423 2783 pars,

303 2806 534 2894 synecdochae
557 2810 652 2892 tropo
677 2806 893 2889 subiungant.
939 2806 1008 2871 Nec
1031 2826 1110 2871 vero
1133 2804 1262 2870 illorum
1286 2807 1424 2870 senten-

302 2916 386 2980 tiam
422 2913 600 2998 sequimur.
653 2910 739 2977 Nam
772 2911 829 2977 ubi
861 2932 1019 2997 quercum
1051 2909 1254 2977 nominando
1285 2910 1425 2992 fingitur

303 3021 414 3085 animo
447 3039 568 3084 corona
597 3018 714 3084 laurea
745 3039 788 3084 ex
815 3038 956 3104 quercus
979 3017 1068 3085 foliis
1090 3019 1191 3103 iacta,
1224 3017 1424 3084 observatur

301 3124 459 3208 idearum,
490 3127 531 3191 ut
552 3125 602 3191 ita
626 3124 784 3200 dicamus
817 3125 1039 3192 associatione
1064 3124 1168 3192 oculis
1191 3126 1323 3208 mentis,
1356 3145 1424 3211 qua

301 3232 432 3298 ratione
455 3229 620 3316 gradatim
643 3231 701 3298 illa
724 3252 846 3299 corona
869 3232 1046 3299 exoriatur.
1091 3233 1198 3298 Poita
1220 3233 1321 3315 igitur
1344 3253 1365 3297 a
1387 3252 1423 3297 re

303 3340 414 3405 animo
437 3338 609 3426 proposita
630 3341 681 3406 ita
704 3339 853 3422 discedit,
878 3342 918 3405 ut
940 3361 1031 3407 more
1055 3360 1116 3406 suo
1140 3320 1431 3426 quamplurimas

302 3466 355 3512 res
379 3447 580 3530 cogitatione
605 3446 771 3532 concipiat
794 3467 833 3512 ac
857 3447 921 3512 sibi
945 3446 1112 3533 depingat.
1158 3445 1251 3527 Quae
1275 3466 1350 3511 cum
1373 3444 1423 3511 ita

302 3552 387 3636 sint,
419 3553 477 3619 illa
507 3553 678 3641 exempla,
711 3575 797 3640 quae
830 3576 932 3640 supra
962 3553 1155 3638 attulimus,
1190 3573 1265 3618 cum
1295 3550 1422 3616 Erico

302 3657 554 3744 Lindskogl
571 3660 807 3727 etRicardo
830 3660 1027 3743 nangeio
1044 3658 1266 3743 metonymiae
1284 3656 1421 3721 subiun-

392 3838 411 3905 1)
430 3836 471 3891 Gi.
491 3837 679 3892 Blucmner
697 3837 714 3891 l.
728 3853 750 3892 s.
764 3854 786 3892 s.
807 3852 851 3907 pg.
866 3837 927 3891 502.

391 3924 409 3994 ¹)
430 3925 480 3995 Pg.
493 3925 554 3980 423.

391 4013 410 4076 ⁸l
429 4013 478 4083 Pg.
494 4014 536 4069 10.

390 4102 409 4169 ⁴)
428 4101 479 4172 Pg.
492 4103 535 4159 88.

390 4190 411 4259 ὓ)
430 4191 480 4260 Pg.
493 4191 536 4247 54.

391 4280 409 4347 ⁶)
429 4279 478 4348 Pg.
492 4279 534 4336 21.

390 4368 410 4436 ⁷)
430 4367 461 4422 L.
474 4384 497 4423 s.
510 4385 531 4422 s.
546 4385 591 4439 pg.
604 4368 648 4423 39.

391 4456 410 4524 ⁸)
429 4456 459 4510 L.
473 4473 495 4513 s.
508 4473 530 4512 s.
544 4473 589 4528 pg.
602 4457 638 4511 28
650 4473 712 4528 sqq.
