3600 5334
763 600 965 665 ..5-

303 781 367 845 ἁπό
379 782 500 863 μέρους
510 778 546 844 τὸ
559 781 642 854 ὅλον,
655 781 695 844 ut
707 778 792 845 Odi
807 799 839 844 v.
851 777 917 842 343
930 779 1027 860 ’τοίην
1040 777 1069 841 θ’
1082 775 1123 840 αὖ
1135 776 1278 860 κεφαλὴν
1289 778 1425 850 ποθέω’,

304 886 369 950 ἀπὸ
393 886 455 970 γὰρ
477 893 532 970 τῆς
554 887 698 969 κεφαλῆς
719 886 775 951 τὸν
798 887 899 967 ἄνδρα
924 886 1078 969 σημαίνει,
1107 883 1241 949 tertiam
1265 883 1329 946 ἀπὸ
1352 883 1426 953 ἑνὸς

301 993 338 1057 τὰ
361 994 473 1067 πολλά,
497 994 536 1058 ut
555 993 622 1057 ἐπεὶ
644 993 758 1076 Τροίης
781 992 867 1074 ἱερόν
887 992 1077 1072 πτολίεθρον
1092 991 1233 1072 ἔπερσεν
1258 986 1426 1072 (Od.1‚2);

305 1118 414 1184 neque
428 1098 516 1165 enim
528 1097 636 1163 solum
648 1097 789 1179 Ulixem,
807 1097 866 1163 sed
878 1098 970 1163 huno
984 1116 1055 1162 una
1070 1116 1146 1161 oum
1158 1095 1277 1162 eeteris
1289 1093 1425 1160 Graecis

302 1205 436 1271 Troiam
459 1203 599 1270 diruisse
623 1207 789 1287 oonstare;
821 1206 975 1290 quartam
999 1204 1064 1268 ἀπὸ
1086 1209 1151 1268 τῶν
1173 1204 1301 1267 πολλῶν
1323 1203 1359 1267 τὸ
1382 1205 1427 1276 ἔν,

305 1314 435 1396 εστήθεα
459 1314 494 1376 θ’
510 1312 675 1395 ἱμερόεντα
692 1311 780 1377 idom
805 1331 878 1378 esse
903 1331 942 1375 ac
964 1309 1001 1374 τὸ
1017 1312 1145 1393 στῆθος’
1163 1308 1206 1389 (ll.
1222 1308 1266 1373 III
1288 1330 1319 1374 v.
1336 1308 1424 1392 397);

303 1418 456 1503 quintam
480 1418 544 1482 ἀπὸ
575 1419 680 1489 εἴόους
708 1421 809 1501 γένος,
832 1416 929 1483 velut
960 1416 1004 1497 (ll.
1019 1415 1080 1481 XII
1102 1438 1133 1483 v.
1150 1416 1225 1499 380)
1249 1419 1425 1500 εμαρμάρῳ

302 1526 464 1608 ὀκρυόεντι
479 1526 600 1609 βαλών
615 1522 704 1609 quod
721 1523 862 1590 eandem
877 1523 948 1589 vim
963 1521 1090 1587 habeat
1102 1542 1141 1588 ao
1152 1521 1275 1608 lapide3
1293 1524 1425 1588 sextam

302 1632 367 1695 ἀπὸ
390 1634 502 1714 γένους
523 1632 559 1696 τό
582 1632 674 1704 sirloc,
699 1631 794 1695 velut
810 1631 957 1713 ’ὄρνιθας
980 1634 1099 1711 γνῶναι
1121 1630 1175 1692 καὶ
1197 1631 1339 1710 ἐναίσιμα
1362 1654 1424 1711 μυ-

301 1740 477 1821 θήσασθαί
496 1735 564 1816 (od.
580 1735 609 1800 ll
625 1757 657 1802 v.
677 1735 764 1819 159);
788 1755 896 1820 neque
920 1734 1142 1800 enimomnes
1163 1755 1245 1800 aves
1267 1732 1331 1799 hoe
1352 1734 1427 1799 loeo

301 1841 544 1925 intellegendas
561 1863 645 1925 esse,
663 1840 722 1907 sed
737 1840 918 1925 vaticinas3
934 1840 1110 1926 septimam
1128 1841 1191 1904 ἀπὸ
1206 1846 1270 1905 τῶν
1282 1865 1427 1924 παρεπο-

303 1952 412 2032 μένων
434 1949 491 2032 τὴν
513 1952 627 2031 πρᾶξιν
652 1949 700 2029 (ut
722 1947 802 2014 llll
824 1969 856 2014 v.
876 1948 952 2031 827)
977 1948 1171 2032 Ἧάνόαρος,
1195 1946 1225 2029 ᾦ
1254 1948 1309 2012 καί
1331 1949 1427 2021 τόξον

299 2056 463 2120 Ἁπόλλων
494 2056 590 2126 αὐτὸς
620 2056 754 2120 ἔδωκεν
787 2053 892 2136 (addit
924 2058 1039 2121 autem
1062 2053 1427 2120 Pseudo-Plutarchus:

302 2163 367 2226 ἀπὸ
391 2163 451 2245 γὰρ
474 2169 530 2227 τοῦ
553 2164 648 2237 τόξου
671 2162 727 2246 τὴν
749 2163 821 2246 περὶ
842 2163 878 2226 τὸ
901 2162 996 2237 τόξον
1016 2164 1178 2245 ἐμπειρίαν
1195 2164 1307 2246 όηλοῖ),
1332 2164 1424 2228 octu-

305 2290 384 2334 vam
407 2270 550 2334 ἀπὸτοῦ
573 2272 821 2354 προηγουμένου
844 2270 881 2333 τὸ
905 2270 1098 2344 ἀκόλουθον,
1122 2272 1162 2334 ut
1184 2271 1269 2333 ‘line
1293 2270 1328 2334 δὲ
1342 2293 1424 2352 παρ-

304 2377 436 2459 θενικὴν
467 2378 582 2461 ζώνην’
617 2374 684 2457 (Od.
701 2375 746 2440 XI
776 2397 807 2441 v.
829 2375 915 2459 245),
949 2377 1126 2441 ἀκολουθεῖ
1152 2376 1213 2458 γὰρ
1242 2377 1355 2457 τούτῳ,
1388 2375 1427 2439 τό

302 2483 534 2566 (διεκόρευσεν,
564 2502 690 2548 nonam
721 2483 865 2547 ἀπὸτοῦ
894 2484 1082 2547 ἀκολούθου
1105 2482 1141 2545 τὸ
1167 2483 1425 2564 προηγούμενον,

304 2590 351 2659 ὡς
373 2590 450 2654 ὅταν
469 2592 640 2671 ‘tropicae’
666 2591 741 2673 λέγῃ
764 2589 800 2653 τό
824 2590 971 2672 φονεύειν
995 2590 1062 2654 ἀντὶ
1085 2594 1140 2653 τοῦ
1165 2589 1337 2652 σκυλεύειν.

390 2693 606 2779 Reliquorum
619 2697 733 2759 autem
746 2694 917 2759 rhetorum
929 2692 1143 2759 definitiones
1158 2693 1195 2757 in
1210 2692 1295 2758 duas
1310 2696 1424 2779 partes

303 2797 406 2863 dividi
421 2803 573 2884 possunt,
589 2802 689 2885 prout
705 2798 1048 2886 eutTryphonem
1064 2799 1425 2867 autCooondrium

303 2907 469 2970 secuntur.
515 2904 604 2987 illel)
630 2904 717 2970 enim
742 2904 833 2972 dicit:
857 2908 1036 2990 συνεκθοχή
1060 2907 1121 2970 ἐστι
1144 2909 1260 2990 φράσις
1283 2909 1321 2971 οὐ
1344 2909 1424 2972 κατὰ

301 3011 337 3074 τὸ
352 3012 469 3095 πλῆρες
484 3013 685 3095 ἒξηνεγμίνη,
708 3014 929 3096 προσδεομένη
953 3014 988 3077 δέ
1002 3038 1085 3084 τινος
1100 3014 1304 3089 ἀκολουθίας,
1325 3013 1424 3095 hio⁹lt

302 3119 479 3202 ουνεκόοχή
497 3119 558 3182 ἐστι
573 3119 656 3192 λέξις
671 3123 691 3201 ἢ
708 3120 825 3202 φράσις
840 3119 905 3183 ἀπὸ
920 3122 1042 3203 μέρους
1057 3121 1134 3204 ὅλην
1151 3123 1291 3187 διάνοιαν
1307 3123 1422 3205 ε’μιγαί-

302 3249 400 3290 νουσα
433 3229 453 3308 ἢ
486 3226 536 3290 διὰ
570 3231 626 3290 τοῦ
657 3225 776 3296 παντὸς
805 3225 841 3290 τὸ
871 3228 978 3310 μέρος.
1025 3224 1122 3312 Apud
1153 3226 1423 3314 Tryphonem

302 3333 415 3398 autem
435 3330 538 3397 latius
554 3332 728 3397 notionem
744 3330 975 3418 syneodoehae
991 3353 1059 3398 non
1076 3333 1261 3399 disiunctae
1278 3355 1299 3398 a
1314 3333 1424 3416 figura

301 3439 470 3521 ἐλλείψεως
492 3441 606 3526 patere
630 3437 797 3505 intellexit
812 3438 1005 3505 Lindsk'o
1015 3441 1075 3523 g‚⁸)
1100 3440 1156 3524 qui
1172 3441 1343 3505 existimet
1358 3440 1423 3505 illis

301 3545 506 3630 temporibus
537 3545 686 3611 nondum
717 3548 927 3632 perspectum
959 3566 1033 3611 esse
1057 3568 1079 3612 a
1106 3546 1331 3627 grammaticis
1354 3545 1423 3612 vim

301 3655 471 3736 troporum
493 3652 657 3738 pertinere
681 3652 723 3717 ad
746 3653 918 3719 notionem
941 3652 997 3736 rei,
1026 3673 1095 3717 non
1117 3650 1230 3718 referri
1253 3651 1296 3716 ad
1320 3652 1424 3717 verba

302 3756 435 3823 omissa.

391 3859 536 3928 Graecos
552 3866 667 3929 autem
691 3865 795 3930 secuti
809 3865 954 3931 Romani
972 3863 1062 3930 idem
1077 3863 1166 3950 quod
1182 3862 1422 3930 Oooondrius

301 3966 473 4052 praebent,
484 3968 581 4035 velut
592 3968 672 4035 dioit
687 3973 827 4037 auotor
842 3971 889 4036 ed
901 3971 1181 4052 Herennium⁴):
1197 3969 1422 4036 intellectio

300 4093 449 4101 *—

391 4145 409 4215 1)
430 4145 596 4215 Spengel.
615 4145 700 4201 Rhet.
714 4146 812 4203 Graec.
825 4147 862 4201 Ill
879 4147 1002 4219 pg.195.

391 4234 412 4302 2)
432 4233 502 4288 lbid.
515 4233 553 4287 ill
570 4250 616 4305 pg.
629 4235 690 4290 236.

390 4321 636 4394 thaam&

389 4409 579 4481 ἽΝᾙἎ
