3600 5334
742 662 964 727 ,61-

292 845 389 926 dapes
401 840 548 923 11131,4;
565 836 656 928 [odit]
670 843 885 925 exploratores
896 841 1009 908 55505
1020 861 1128 906 massa
1138 842 1225 925 focos
1235 837 1312 904 VIII
1320 838 1414 922 51,4;

294 950 488 1016 Nerciiicuc
525 948 767 1015 nummularius
805 969 913 1014 massa
946 949 1015 1014 XII
1048 947 1102 1031 57,
1116 947 1153 1029 8,
1192 945 1251 1011 ubi
1281 966 1414 1012 massae

295 1055 369 1121 vcci
392 1054 546 1120 subiecta
569 1056 622 1119 est
646 1054 738 1128 notio
761 1052 1091 1133 vasorum—Quae
1113 1051 1262 1119 5551555
1279 1073 1415 1119 caseum

292 1160 476 1244 significat:
505 1161 688 1228 Velabrensi
708 1182 817 1229 massa
836 1168 943 1228 coactu
962 1162 1030 1246 foco
1046 1162 1096 1228 XI
1112 1160 1288 1244 52‚1u.-
1303 1161 1416 1246 cuspis

296 1267 484 1355 appellatur
525 1288 618 1333 veru:
657 1290 808 1352 55555555
840 1270 878 1335 iu
912 1270 1008 1354 5595
1041 1269 1170 1353 cupide
1202 1270 1305 1352 fumet
1338 1289 1416 1351 aper

293 1378 374 1444 XIV
398 1376 476 1457 2213
500 1373 554 1441 vel
578 1375 691 1441 hasta:
716 1377 792 1459 (quii
816 1377 928 1444 Aetola
951 1377 1061 1442 cecidit
1083 1377 1226 1460 cuspide,
1250 1377 1325 1442 talis
1346 1381 1417 1443 erat

294 1484 380 1550 XIII
403 1482 459 1563 93;
490 1483 596 1568 caepis
619 1484 727 1549 555554
750 1483 818 1550 calc
840 1484 892 1551 XI
918 1482 990 1565 100,
1004 1482 1038 1565 4,
1070 1480 1223 1567 cuspides
1245 1484 1416 1567 ponuntur

294 1609 352 1675 pro
376 1588 616 1675 dentiscalpiis:
651 1591 796 1672 caspides
818 1641 826 1656 .
850 1642 857 1655 .
882 1641 888 1654 .
912 1590 1036 1657 lentisci
1057 1590 1110 1655 III
1133 1589 1232 1672 82,9;
1265 1588 1417 1654 similiter

293 1697 375 1764 XIV
398 1696 450 1761 22.
897 1686 906 1723 ‘

382 1801 410 1867 Ε
433 1802 635 1889 proprietate
659 1801 714 1868 vel
742 1801 906 1888 qualitate
937 1822 1001 1867 sua
1023 1824 1101 1869 arec
1124 1801 1316 1867 nominatur
1341 1803 1416 1866 tum

292 1909 477 1992 calvitium,
509 1912 581 1975 tum
612 1908 835 1976 vestibulum:
866 1911 904 1976 iu
934 1911 1030 1995 lcupc
1054 1911 1145 1994 pius
1175 1931 1253 1977 areu
1282 1915 1416 1975 sotatur

295 2014 431 2099 V49,7;
454 2020 547 2084 caede
568 2019 776 2085 iuvencorum
798 2019 923 2084 domim
946 2018 1024 2083 cutet
1046 2039 1124 2083 urea
1146 2016 1226 2099 felic
1241 2013 1317 2079 XIV
1326 2015 1355 2080 4.
1372 2052 1416 2062 -

295 2124 385 2190 Rosa
414 2126 589 2209 praeterea
611 2144 669 2210 pro
701 2144 823 2190 corona
846 2144 864 2189 e
887 2123 971 2190 rosis
999 2144 1128 2189 conexa
1151 2124 1280 2189 exstat:
1310 2125 1417 2190 sutilis

294 2237 425 2315 aptetur
446 2233 547 2297 decies
576 2253 651 2298 rosc
682 2233 826 2298 crinitas
848 2229 958 2314 IX93,
971 2231 1000 2296 5.
1023 2268 1069 2277 —
1100 2228 1226 2295 Deinde
1257 2232 1416 2316 scriptum

295 2335 463 2404 videmus:
488 2340 657 2421 quisquam
674 2340 766 2423 picta
788 2340 861 2406 coiit
874 2338 1035 2422 Spartaci
1053 2339 1180 2423 fripcru
1194 2340 1269 2404 sacci
1291 2336 1371 2419 155,
1383 2337 1415 2419 5,

295 2444 314 2508 i.
331 2464 357 2509 e.
380 2444 564 2528 marmoris,
589 2444 754 2530 similique
777 2442 891 2510 modo:
920 2447 1025 2528 accipe
1047 2466 1114 2510 555
1136 2445 1238 2511 Pario
1260 2446 1417 2511 natantia

289 2553 439 2635 poitiers
453 2574 532 2618 5555
547 2551 627 2635 188,
640 2553 677 2636 33
702 2552 822 2636 quibus
846 2549 1015 2616 addantur
1038 2550 1169 2616 statim:
1193 2552 1345 2634 imposuit
1360 2552 1417 2633 qui

296 2681 357 2725 scic
386 2659 526 2728 membru
558 2660 586 2738 (i.
610 2679 636 2724 e.
665 2662 809 2741 meacm)
840 2659 920 2743 focis
942 2658 974 2723 X
993 2658 1044 2739 25,
1058 2658 1094 2740 2,
1125 2655 1159 2722 id
1190 2678 1292 2744 supra
1322 2659 1415 2723 attu-

297 2764 411 2849 limus3
430 2804 475 2813 —
491 2770 598 2835 55055
612 2769 658 2833 sic
673 2767 731 2834 tibi
746 2767 1091 2833 taediosissimae:
1109 2764 1220 2847 11142,
1233 2766 1298 2847 33¹)
1316 2787 1416 2847 qucri-

295 2875 372 2939 dcui
386 2875 536 2941 15555155
551 2896 738 2957 quocunque
753 2874 867 2941 libebat
881 2877 925 2941 ad
939 2870 1414 2955 uudustsc.cccrrcreV143‚7),

297 2977 355 3043 ubi
378 2977 488 3044 undae
513 2979 630 3045 eadem
652 2980 781 3046 ratione
804 2979 1045 3064 intelleguntur
1068 3000 1107 3045 ac
1131 2978 1321 3060 balneum.²)

821 3213 890 3296 54.

386 3335 439 3402 Sic
462 3336 672 3423 perspicuum
705 3339 758 3402 est
788 3337 900 3401 emnia
923 3336 990 3422 illa,
1022 3359 1110 3422 quae
1141 3338 1327 3420 attulimus
1359 3336 1417 3401 ubi

297 3441 443 3526 qualitas
466 3441 521 3508 vel
544 3444 728 3530 proprietas
752 3463 810 3529 pru
834 3465 869 3510 re
892 3445 967 3530 Ipsa
983 3445 1126 3529 punitur,
1152 3444 1292 3511 alteram
1317 3465 1417 3529 quam

295 3550 478 3614 statuimus
509 3548 739 3635 synecdochae
776 3552 918 3635 speciem
955 3550 1139 3617 ostendere.
1186 3549 1279 3630 Quae
1314 3551 1416 3616 etiam

297 3652 460 3719 eiusmodi
483 3658 544 3736 est,
574 3657 612 3719 ut
636 3676 657 3719 a
679 3656 787 3741 positis
815 3656 975 3722 animalia
998 3657 1116 3721 eadem
1139 3656 1267 3720 ratione
1292 3655 1417 3735 signifi·

296 3762 422 3824 centur.
469 3757 589 3835 Qualia
612 3760 745 3842 quidem
767 3781 877 3845 pauca
908 3762 997 3847 apud
1021 3758 1208 3826 Martialem
1232 3763 1416 3826 occurrunt.

297 3865 413 3949 Neque
437 3861 525 3926 enim
548 3861 615 3927 alia
635 3865 860 3950 excerpsimus
883 3867 948 3931 nisi
967 3865 1066 3931 haec:
1090 3867 1186 3947 utitis,
1209 3865 1228 3931 i.
1245 3886 1272 3930 e.
1289 3866 1417 3931 anseris

298 3970 343 4035 IX
356 3971 460 4053 31,8;
490 3969 673 4051 carnificem
702 3973 790 4038 5555
815 3980 942 4056 pectore
972 3979 1074 4056 poscet
1097 3993 1187 4037 cvera
1210 3973 1263 4051 isa
1286 3974 1416 4039 Prome·

298 4079 409 4160 theiis),
432 4076 452 4144 i.
475 4097 502 4142 e.
526 4075 694 4141 vulturem
717 4073 762 4139 XI
775 4076 827 4159 84,
843 4077 900 4159 103
927 4078 1087 4163 Cinyphio
1189 4081 1315 4162 marito,
1345 4078 1365 4142 i.
1390 4099 1416 4144 e.

299 4221 511 4231 ——--—.-

389 4309 409 4378 ¹)
427 4309 505 4365 Haec
530 4325 593 4364 eam
618 4309 654 4362 ob
681 4323 796 4363 causam
821 4307 876 4361 hcc
900 4308 964 4362 loco
983 4305 1128 4370 adicimus,
1155 4308 1230 4376 quod
1249 4310 1336 4378 poeta
1360 4324 1417 4362 555

297 4395 390 4450 scium
408 4397 443 4452 de
461 4400 571 4464 balneo,
590 4397 793 4452 verumetiam
813 4395 847 4450 de
865 4395 948 4451 undis
967 4409 1069 4463 corpus
1088 4392 1243 4448 humanum
1268 4395 1418 4450 reficienti-

299 4482 352 4537 bus
370 4486 451 4556 eique
469 4487 639 4542 salutaribus
661 4486 776 4555 cogitat.
