3600 5334
739 621 1097 685 -79-.

290 799 342 864 vis
357 797 521 866 Mausolei
544 797 697 864 subiecta
720 800 805 883 est'p
830 801 874 880 (II
890 799 945 882 59,
958 799 999 882 2),
1024 800 1130 882 arepto
1152 795 1240 863 idem
1255 797 1349 863 valet
1371 818 1411 864 ac

291 926 372 972 veru
389 908 479 987 (XIV
491 906 577 989 221),
602 907 663 971 aut
678 904 935 992 dentiscalpium
951 907 1013 987 (III
1025 905 1078 988 82,
1092 905 1129 987 93
1149 906 1230 974 XIV
1243 905 1306 988 22),
1329 907 1412 989 lupa

290 1012 346 1078 vel
368 1014 506 1082 mulus
528 1010 717 1099 appellatur
739 1032 873 1096 gemma
896 1014 990 1093 (VIII
1005 1012 1058 1095 45,
1072 1012 1109 1096 2;
1133 1012 1304 1095 X136,1).

380 1119 527 1201 Quorum
549 1139 658 1205 pauca
680 1121 789 1205 poeta,
815 1122 855 1184 ut
876 1118 997 1185 litteris
1017 1118 1143 1205 primus
1166 1116 1351 1201 mandaret,
1374 1138 1410 1184 re

289 1225 364 1313 ipsa
398 1229 535 1292 coactus
570 1228 631 1292 est.
676 1224 763 1291 Nam
794 1246 870 1292 cum
902 1246 1011 1293 mores
1046 1246 1182 1292 suorum
1212 1228 1410 1312 temporum,

290 1332 411 1420 quibus
433 1332 577 1400 Romani
599 1331 733 1398 luxuria
756 1331 960 1399 diffluebant
983 1335 1019 1398 et
1041 1331 1185 1398 molliter
1207 1352 1247 1398 ac
1270 1330 1411 1398 delicate

289 1438 463 1520 vivebant,
488 1436 698 1521 describeret,
729 1439 803 1505 fieri
827 1459 895 1505 non
918 1439 1037 1526 potuit,
1066 1438 1148 1524 quin
1169 1437 1225 1505 ille
1249 1441 1289 1504 ut
1311 1440 1412 1525 poeta

289 1566 371 1612 vera
385 1544 495 1612 indole
511 1544 682 1633 praeditus
703 1546 746 1612 ad
763 1566 817 1612 res
832 1566 934 1632 quam
950 1545 1096 1611 maxime
1111 1544 1224 1612 varias
1238 1543 1411 1611 illustran-

289 1650 351 1719 das
382 1651 587 1736 excogitaret
613 1672 722 1719 novos
744 1655 868 1739 tropos.
915 1651 982 1719 Alii
1012 1654 1137 1735 autem,
1170 1650 1291 1736 quibus
1323 1651 1411 1718 idem

289 1759 404 1844 utitur,
428 1759 524 1825 velut
546 1781 654 1843 mores,
678 1758 768 1846 quod
792 1762 907 1826 exstat
922 1779 979 1846 pro
996 1761 1114 1825 statua
1129 1758 1310 1843 equestri,¹t
1330 1761 1409 1843 palo,

289 1887 356 1952 qua
393 1869 647 1933 monumentum
686 1864 854 1953 quoddam
888 1864 1120 1951 designatur,²p
1159 1867 1241 1931 sunt
1275 1864 1411 1932 formati

289 1993 441 2040 sermone
456 1972 611 2039 familiari
635 1975 669 2039 et
692 1971 868 2056 cotidiano,
893 1974 950 2061 qui
973 1971 1054 2062 quin
1076 1972 1147 2059 ipse
1168 1992 1310 2059 quoque,
1334 1992 1411 2039 oum

289 2099 342 2145 res
366 2079 462 2168 quasi
477 2082 636 2164 gerantur
659 2080 722 2147 sub
746 2080 944 2167 adspectum
959 2100 1066 2167 paene
1090 2079 1239 2146 subicere
1263 2078 1410 2164 studeat,

289 2185 333 2252 ad
348 2190 519 2273 troporum
535 2186 603 2253 vim
620 2187 833 2274 aliquatenus
850 2188 974 2272 valeat,
999 2207 1097 2253 nemo
1118 2189 1171 2253 est
1191 2187 1247 2273 qui
1270 2187 1410 2253 dubitet

377 2295 489 2381 Atque
524 2294 608 2362 haec
643 2295 777 2381 quidem
812 2295 994 2361 hactenus:
1032 2315 1132 2360 usum
1169 2291 1410 2380 synecdochae,

289 2400 397 2487 qualis
420 2399 509 2488 apud
532 2401 721 2469 Martialem
744 2406 868 2487 exstat,
897 2401 982 2468 satis
1005 2400 1228 2467 illustravisse
1251 2398 1410 2466 videmur.

288 2505 338 2573 ux
360 2507 401 2573 iis
424 2511 548 2592 autem,
578 2530 664 2594 quae
689 2511 916 2596 exposuimus,
945 2511 1086 2596 apparet
1109 2511 1244 2594 podtam
1266 2505 1411 2572 multum

288 2635 407 2700 operae
438 2634 478 2678 ao
508 2614 631 2680 laboris
663 2619 910 2704 consumpsisse
940 2617 974 2682 in
1004 2615 1060 2682 illo
1092 2619 1186 2702 tropo
1221 2613 1410 2681 excolendo.

289 2717 383 2799 Quod
413 2717 559 2785 Martiali
590 2719 713 2801 gloriae
743 2722 943 2789 vertendum
974 2725 1036 2806 est,
1073 2744 1148 2789 oum
1180 2718 1410 2809 synecdochae

287 2846 371 2891 usus
394 2824 505 2890 minus
520 2826 635 2891 varius
659 2847 732 2891 esse
749 2830 856 2913 possit
871 2849 973 2914 quam
996 2829 1224 2915 metonymice
1247 2832 1282 2894 et
1301 2832 1410 2895 meta·

288 2932 422 3019 phoras,
447 2929 535 3017 quod
557 2930 616 2997 illa
631 2932 776 3017 pertinet
800 2935 947 3000 maxima
971 2955 1012 3000 ex
1031 2938 1127 3021 parte
1150 2957 1218 3002 non
1241 2934 1284 3001 ad
1308 2933 1408 3020 aliud,

287 3039 353 3105 nisi
376 3037 419 3105 ad
441 3037 616 3121 rationem,
650 3059 739 3129 quae
759 3038 935 3106 intercedit
961 3041 1048 3107 inter
1071 3045 1202 3129 partem
1230 3045 1266 3109 et
1288 3045 1408 3125 totum,

288 3150 333 3229 et,
357 3150 397 3213 ut
418 3146 469 3212 ita
492 3145 652 3227 dicamus,
676 3146 764 3211 inter
786 3167 893 3230 genus
917 3150 952 3214 et
975 3149 1127 3234 speciem.

378 3253 520 3320 Omnino
544 3256 659 3319 autem
682 3273 724 3318 ex
740 3256 910 3338 troporum
934 3254 1122 3337 cognitione
1147 3255 1294 3341 aliquam
1317 3256 1408 3323 utili·

287 3362 396 3427 tatem
424 3361 497 3427 elici
524 3358 771 3427 concedendum
795 3362 856 3426 est.
903 3358 990 3424 Nam
1022 3381 1061 3426 eo
1093 3359 1226 3427 demum
1249 3365 1408 3448 tempore,

288 3487 363 3532 cum
386 3468 422 3533 in
450 3468 598 3534 omnium
627 3468 802 3554 peritarum
826 3467 923 3552 quasi
954 3465 1124 3532 officinam
1154 3469 1407 3554 inspexerimus,

288 3593 363 3639 cum
387 3575 651 3656 cognoverimus
676 3596 758 3662 quos
774 3573 986 3660 potissimum
1001 3575 1113 3659 tropos
1138 3576 1172 3639 et
1188 3593 1252 3659 quo
1269 3575 1408 3660 quisque

288 3677 384 3745 modo
409 3683 558 3766 usurpet,
583 3680 644 3745 ubi
660 3680 763 3747 alium
787 3702 861 3747 cum
877 3678 943 3746 alio
964 3678 1277 3767 comparaverimus,
1302 3685 1409 3747 artem

286 3785 486 3852 rhetoricam
509 3785 598 3873 apud
622 3788 780 3873 antiquos
812 3791 846 3854 et
868 3789 1064 3853 nascentem
1088 3788 1123 3851 et
1146 3789 1351 3852 crescentem
1374 3791 1410 3853 et

287 3891 438 3959 adultam
461 3912 641 3979 possumus
665 3893 848 3959 ostendere.
887 3896 936 3958 Ac
960 3913 1002 3958 ne
1024 3891 1058 3957 id
1075 3891 1207 3979 quidem
1230 3891 1408 3976 neglegen-

377 4181 396 4248 q
414 4178 536 4234 Romani
561 4176 635 4232 enim
660 4178 860 4247 imperatorum
885 4176 1059 4247 temporibus
1086 4175 1201 4231 omnino
1226 4193 1277 4247 pro
1305 4175 1408 4233 statuis

286 4268 463 4337 equestribus
482 4283 573 4356 equos
590 4267 695 4322 dixisse
712 4265 858 4333 videntum
884 4266 934 4321 cfr.
954 4264 1082 4320 Iordan
1101 4264 1222 4335 Topogr.
1242 4266 1268 4321 d.
1281 4267 1322 4323 st.
1334 4266 1408 4320 Rom

287 4353 299 4407 Ι
370 4397 376 4411 .
427 4398 433 4414 .

300 4354 468 4514 ngbuillr.
487 4444 744 4502 Friedlanderi
762 4444 792 4500 in
810 4444 886 4500 huno
904 4444 998 4499 locum
1016 4441 1241 4501 adnotationem.

340 4539 452 4586 Stletzel.
1212 4533 1231 4588 6
