3600 5334
861 639 1084 704 -.10-

412 820 540 905 perium
555 818 782 885 Romanorum
805 817 932 883 redacti
956 818 1046 901 sunt,
1070 816 1186 882 urbem
1211 815 1361 882 dieentes
1385 816 1425 881 de
1441 816 1536 881 nulla

412 925 480 991 alia
509 946 544 991 re
577 925 771 1008 cogitabant
802 923 868 988 nisi
892 923 933 989 de
957 923 1072 989 Roma.
1118 926 1160 991 In
1182 922 1235 988 his
1258 923 1358 1006 igitur
1380 921 1534 989 videmus

411 1033 540 1098 nullum
564 1033 704 1118 tropum.

934 1173 1005 1257 §a

500 1298 641 1364 Habetis
666 1296 706 1363 de
729 1300 853 1362 natura
875 1297 995 1363 tertiae
1019 1295 1278 1383 synecdochieae
1301 1294 1428 1361 formae
1453 1297 1532 1382 quid

415 1406 616 1489 sentiamus;
639 1426 729 1470 nune
752 1405 937 1488 generatim
954 1402 995 1469 de
1012 1405 1133 1488 quarta
1149 1423 1365 1489 exponamus.
1390 1441 1433 1450 -
1455 1405 1531 1469 Huo

410 1515 523 1578 nescio
548 1534 592 1577 an
615 1512 678 1577 loci
701 1510 881 1577 revocandi
904 1512 981 1595 sint,
1006 1510 1065 1575 ubi
1088 1509 1339 1576 substantivum
1364 1507 1531 1595 quoddam

411 1620 557 1706 epitheto
582 1619 718 1704 speciali
740 1619 790 1684 ita
813 1618 1008 1699 illustratur,
1033 1621 1072 1682 ut
1095 1617 1222 1703 species
1245 1636 1303 1702 pro
1328 1636 1447 1697 genere
1471 1638 1530 1682 ex-

410 1730 499 1792 stare
534 1725 696 1791 videatur.
755 1725 874 1805 Qualia
911 1725 1005 1790 varia
1041 1725 1170 1790 ratione
1202 1722 1351 1807 intellegi
1380 1726 1531 1809 possunt.

409 1832 497 1898 Nam
521 1837 680 1918 exparte
705 1834 786 1898 sunt
808 1830 866 1898 illa
888 1832 1017 1917 proprie
1041 1829 1141 1914 diota,
1166 1830 1264 1915 quale
1282 1833 1334 1895 est
1348 1829 1424 1895 hoo:
1440 1832 1530 1915 niqra

410 1941 499 2026 Syro
522 1941 644 2024 defruti
666 1944 783 2026 lupone
799 1938 895 2003 Mart.
911 1937 957 2003 IV
973 1940 1026 2023 46,
1036 1939 1067 2022 9,
1084 1938 1143 2003 ubi
1159 1938 1284 2021 cogitat
1298 1939 1399 2024 poeta
1414 1957 1531 2002 revera

410 2045 450 2111 de
475 2045 559 2131 Syra
581 2046 712 2128 lagona.
746 2044 918 2110 Interdum
940 2045 989 2128 fit,
1014 2046 1053 2110 ut
1068 2045 1230 2111 incertum
1248 2044 1302 2125 sit,
1318 2046 1432 2109 utrum
1447 2043 1530 2109 talia

409 2151 539 2238 proprie
563 2172 608 2217 an
630 2151 836 2217 translatioie
861 2151 1023 2217 oollooata
1046 2152 1123 2217 sint.
1167 2153 1274 2232 Quam
1298 2150 1529 2237 quaestionem

411 2256 539 2324 solvere
564 2279 632 2324 non
647 2280 835 2344 possumus²
859 2259 925 2323 nisi
949 2279 1023 2324 oum
1049 2261 1138 2324 certo
1162 2260 1358 2341 argumento
1381 2257 1527 2338 nitimur,

408 2365 503 2431 velut
525 2364 621 2431 Mart.
638 2365 765 2448 1140‚5
790 2368 825 2431 et
840 2366 873 2431 6:
901 2367 1042 2433 Caecubo
1065 2373 1230 2432 sumentur·
1253 2386 1395 2448 quaeque
1418 2386 1529 2432 annus

409 2468 492 2538 comt
524 2474 632 2557 Opimi
666 2475 847 2541 conduntur
871 2494 973 2558 porro
996 2474 1090 2557 saroa
1112 2474 1257 2539 Falerna
1279 2471 1369 2538 nitro.
1416 2470 1527 2550 Quae-

407 2578 499 2664 ritur,
525 2583 638 2644 utrum
661 2581 762 2665 poeta
784 2600 902 2646 revera
925 2578 988 2644 hoo
1010 2578 1128 2644 vinum
1145 2578 1234 2644 dieat
1250 2598 1364 2643 neone.
1397 2578 1527 2643 Atiam

406 2684 505 2751 Plinii
534 2686 740 2772 temporibus
770 2685 804 2751 id
834 2707 903 2752 non
927 2706 1000 2751 esse
1024 2685 1342 2767 eultumeonstat.1)
1389 2686 1462 2765 Qua
1486 2705 1528 2748 ex

405 2812 440 2858 re
472 2791 579 2875 oolligi
608 2795 723 2879 potest
745 2792 933 2858 Martialem
963 2793 1080 2858 vinum
1104 2792 1295 2858 Caecubum
1318 2812 1386 2857 non
1408 2791 1526 2856 ideirco

406 2898 521 2983 alfere,
546 2903 585 2965 ut
609 2902 736 2966 certum
760 2920 866 2983 genus
891 2899 1095 2983 designetur,
1120 2898 1180 2964 sed
1204 2897 1291 2984 quod
1314 2897 1379 2963 illis
1402 2902 1527 2985 tempo-

405 3006 497 3071 ribus
530 3005 619 3071 idem
650 3009 750 3072 tanta
780 3004 880 3072 laude
902 3006 1026 3091 floruit,
1050 3008 1090 3070 ut
1113 3006 1252 3090 antiqui,
1277 3026 1352 3070 eum
1376 3004 1527 3070 debono

405 3114 609 3196 vetustoque
641 3111 806 3194 dicebant,
838 3112 879 3178 de
910 3112 1062 3179 Caecubo
1094 3114 1239 3195 cogitare
1270 3111 1423 3178 solerent.
1476 3111 1527 3176 Ex

406 3238 471 3302 quo
504 3217 655 3300 efficitur,
687 3221 726 3284 ut
756 3218 803 3284 ‘in
833 3218 888 3285 illo
913 3220 1099 3302 adieetivo',
1125 3241 1201 3284 eum
1223 3219 1340 3284 vinum
1363 3219 1526 3305 optimum

405 3343 528 3389 nomen
552 3321 694 3389 durate
718 3326 860 3409 regione,
885 3325 944 3390 ubi
967 3326 1093 3409 erescit,
1118 3326 1354 3412 ‘metonymiae
1371 3323 1404 3390 id
1420 3346 1527 3407 genus

404 3429 520 3512 lateat,
552 3450 611 3515 per
643 3429 731 3516 quod
753 3431 825 3497 loeo
848 3431 1052 3498 nominando
1075 3431 1118 3516 id,
1145 3430 1233 3517 quod
1255 3431 1301 3497 ibi
1325 3436 1376 3497 est
1400 3431 1526 3513 vellit,

404 3535 618 3619 indicaturo

931 3664 1003 3746 se.

493 3788 606 3872 Atque
641 3789 681 3852 ut
716 3788 759 3852 ad
794 3788 981 3853 extremum
1015 3787 1260 3871 perveniamus
1297 3788 1526 3873 quaerendum

403 3892 500 3958 nobis
531 3893 666 3958 m'detur
696 3914 781 3976 esse,
812 3913 895 3958 num
919 3893 988 3958 sint
1010 3892 1077 3973 illa,
1102 3894 1160 3957 ubi
1182 3914 1240 3979 pro
1263 3893 1436 3959 indefinito
1460 3915 1524 3959 nu-

404 4018 493 4064 mero
518 3998 699 4065 oollooatur
722 3999 892 4082 definitus,
918 3997 962 4064 ad
984 4002 1098 4083 tropos
1121 3999 1303 4066 referenda.
1338 3999 1374 4066 ld
1391 3999 1525 4086 quidem

403 4107 506 4187 negat
529 4104 666 4169 Erieus
689 4104 923 4189 Lindslrog.⁸)
959 4104 1024 4170 Sed
1049 4105 1137 4190 quod
1161 4104 1248 4189 dicit,
1266 4109 1305 4172 ut
1320 4108 1527 4173 sententiam

494 4281 512 4350 ¹)
532 4280 570 4336 cl.
584 4280 844 4336 Friedlaenderi
863 4282 1089 4337 commentarios.

493 4370 511 4438 ²)
532 4369 718 4439 Lindskog
735 4370 766 4425 L.
779 4387 802 4426 s.
816 4386 839 4426 s,
852 4386 898 4441 pg.
914 4370 955 4426 12.

492 4461 503 4492 ³
530 4459 579 4530 Pg.
594 4458 636 4512 14.
