3600 5334
741 648 964 713 ,65-

292 847 399 913 usque
418 829 629 911 Democriteo,
652 828 812 911 Zenonas,
834 826 1096 911 implicitosque
1118 827 1276 894 PMtoaas
1297 828 1413 910 illudit,

290 934 311 999 i.
336 954 362 1000 e.
394 954 510 1000 omnes
534 933 664 1000 Stoicos
695 935 731 999 et
752 931 980 1015 Academicos,
1005 952 1146 1018 quornm
1168 931 1330 1016 imagines
1361 934 1412 999 vi·

293 1041 415 1107 dentur
437 1041 586 1107 hirsutae
603 1041 637 1105 et
651 1039 808 1123 incultae,
825 1060 901 1105 cum
917 1040 988 1126 lpse
1003 1038 1110 1105 barba
1125 1039 1286 1124 promissa
1301 1039 1413 1123 gravis

291 1147 345 1212 sit.
391 1145 434 1212 nt
458 1149 498 1212 ut
519 1145 585 1213 illic
608 1143 752 1231 exempli
767 1166 872 1212 causa
890 1145 1078 1232 philosophi
1093 1144 1267 1212 cuiusdam
1282 1146 1412 1229 generis

294 1253 520 1339 nominantur,
551 1255 602 1320 ita
624 1252 678 1318 hic
702 1250 908 1319 collocantur
930 1251 1096 1319 simiIIter:
1118 1255 1185 1320 siat
1199 1256 1412 1335 Maecenates,

291 1383 358 1429 aaa
381 1362 524 1445 demant,
547 1359 669 1444 Flacco,
693 1360 848 1428 Marones
862 1357 938 1424 VIII
953 1359 1007 1442 56,
1020 1359 1054 1443 53
1077 1362 1225 1428 Nasones
1248 1361 1413 1447 Vergilios-

292 1489 352 1550 oae
380 1470 468 1534 vides
490 1466 673 1552 11138,10;
704 1468 783 1550 galil
819 1468 933 1533 Varios
963 1467 1151 1549 Marsosque
1179 1468 1294 1549 locam
1316 1520 1323 1534 .
1347 1520 1354 1534 .
1379 1468 1414 1534 ..2

293 1572 368 1638 VIII
379 1572 432 1659 56,
443 1574 498 1657 213
523 1577 625 1660 atque
641 1574 743 1640 etiam
758 1572 822 1638 hoc
836 1592 906 1638 non
923 1570 1104 1659 discrepat:
1127 1574 1273 1640 Phineas
1286 1574 1412 1655 incites,

293 1680 383 1764 Afer,
407 1687 436 1747 et
461 1681 638 1766 Oedipodas
660 1678 706 1745 IX
722 1679 775 1761 25,
790 1679 840 1746 10.

770 1965 860 2067 Gap.
883 1966 937 2046 ΙΧ.

817 2125 889 2209 si

381 2248 555 2314 Hactenus
590 2247 630 2314 de
665 2247 827 2315 Martialis
867 2249 1147 2336 epigrammatum
1185 2249 1412 2337 synecdocha:

292 2356 422 2442 copiam
439 2355 521 2438 eius
538 2376 639 2441 quam
656 2356 836 2441 potuimus,
854 2376 971 2421 sumus
987 2355 1162 2442 persecuti.
1199 2354 1306 2439 Nunc,
1331 2377 1412 2422 num
1479 2400 1481 2403 v

292 2461 396 2527 etiam
426 2461 461 2526 in
492 2462 555 2527 hoc
582 2465 677 2548 tropo
706 2461 886 2528 excolendo
916 2461 1060 2528 multum
1084 2482 1204 2548 operae
1227 2482 1267 2527 ao
1289 2461 1412 2528 laboris

292 2567 536 2654 consumpserit
551 2570 661 2654 poeta,
679 2571 867 2654 quaeratur.
903 2568 1009 2649 Quam
1027 2567 1257 2653 quaestionem
1274 2569 1413 2657 proponi

293 2695 360 2741 non
383 2674 547 2755 miremur,
572 2674 601 2740 si
617 2676 800 2758 cogItemus
816 2674 1014 2759 Martialem,
1036 2675 1124 2761 quod
1140 2674 1273 2762 quidem
1290 2676 1414 2741 attinet

291 2779 336 2846 ad
366 2781 614 2868 metonymiam,
646 2782 949 2864 ingeniosissimum
981 2780 1087 2849 fuisse
1116 2783 1219 2871 atque
1243 2803 1318 2848 eam
1340 2784 1411 2848 tam

292 2887 392 2954 libere
409 2889 634 2974 usurpavisse,
659 2892 698 2953 ut
712 2909 812 2954 nemo
828 2909 952 2972 eorum,
977 2889 1034 2975 qui
1050 2890 1313 2972 antecesserunt,
1335 2908 1413 2955 eum

292 2995 492 3081 adaequet.²)
539 2993 640 3061 Cuius
667 2997 755 3082 tropi
778 2995 988 3062 audaciorem
1013 3017 1112 3063 usum
1135 2999 1175 3063 ut
1197 2994 1411 3080 illustremus,

292 3100 392 3167 liceat
423 3101 520 3167 nobis
544 3123 653 3188 pauca
676 3102 806 3168 afferre.
852 3103 907 3169 Sic
931 3101 1020 3189 apud
1043 3102 1230 3170 Martialem
1253 3102 1412 3189 scriptum

292 3208 457 3274 videmus:
478 3231 536 3276 aee
556 3210 614 3277 titi
628 3212 804 3278 mitrarum
818 3233 875 3278 acc
889 3213 933 3277 sit
948 3211 1006 3278 tibi
1020 3212 1118 3278 barba
1133 3233 1262 3279 remam
1277 3210 1370 3294 1136,
1379 3211 1411 3294 3,

293 3336 357 3400 quo
381 3337 482 3382 versu
505 3316 537 3398 ii,
561 3317 618 3402 qui
641 3318 758 3383 mitras
781 3315 903 3401 ierunt,
927 3319 1150 3405 metonymice
1171 3318 1412 3401 significantur,

293 3421 472 3489 Praeterea
510 3422 663 3490 conferas
699 3445 823 3510 quaero
854 3426 1115 3511 liparam-saxa
1141 3423 1184 3489 III
1204 3426 1257 3507 82,
1268 3426 1320 3507 22,
1353 3425 1412 3491 ubi

292 3527 349 3594 illa
372 3528 533 3596 audacter
556 3530 668 3616 posita
690 3534 771 3595 sunt
793 3552 851 3616 pro
875 3531 994 3614 vino,
1019 3528 1107 3616 quod
1129 3529 1176 3595 ibi
1193 3531 1317 3596 crescit.
1363 3532 1412 3597 Ac

291 3633 442 3700 similiter
466 3638 603 3700 exstant
626 3639 751 3703 macisa
765 3639 862 3720 palas
877 3635 955 3700 XIV
972 3637 1037 3701 160
1059 3656 1117 3721 pro
1137 3635 1244 3700 iuncis
1262 3636 1410 3717 concisis

292 3740 461 3806 Massiliae
474 3740 582 3823 fumos
597 3739 675 3806 XIV
693 3741 756 3806 118
778 3762 837 3826 pro
861 3741 953 3807 vino
977 3739 1224 3807 Massiliensi
1248 3739 1411 3809 fumosa

289 3843 413 3925 Qualia
441 3861 621 3928 possumus
651 3844 818 3929 permulta
848 3847 1012 3932 persequi,
1045 3846 1104 3912 sed
1136 3867 1177 3911 ea
1207 3846 1290 3933 ipsa,
1324 3867 1410 3931 quae

292 3950 478 4033 attulimus,
515 3968 556 4014 ne
590 3948 722 4031 longius
756 3949 963 4032 aberremus
999 3953 1082 4019 satis
1117 3972 1191 4017 esse
1226 3973 1411 4020 censemus.

290 4056 399 4136 Quam
432 4057 474 4122 ob
505 4077 574 4122 rem
606 4055 830 4139 cogitantibus
861 4055 1025 4123 Martialis
1055 4059 1280 4145 metonymiae
1303 4060 1410 4142 magis

382 4289 401 4358 ¹)
420 4289 458 4356 Id,
482 4288 559 4362 quod
577 4289 646 4344 dicit
664 4287 695 4343 Ο.
714 4286 843 4343 Weiss
867 4285 1100 4355 (Charakteristik
1124 4287 1172 4341 der
1196 4288 1245 4342 lat.
1265 4289 1411 4359 Sprache⁸

292 4374 496 4448 LeipnIg1905
523 4377 625 4449 pg.89t
653 4380 754 4449 poetas
781 4375 906 4441 Latmos,
934 4375 983 4430 ubi
1011 4376 1067 4431 hoc
1093 4379 1176 4445 tropo
1200 4379 1327 4441 utuntur,
1353 4391 1411 4429 non

288 4466 428 4522 excellere
446 4483 551 4538 magna
569 4467 672 4538 ingenii
691 4467 728 4533 vi,
747 4466 784 4521 ad
802 4465 877 4518 huna
896 4467 973 4519 certe
991 4464 1105 4536 politam
1123 4464 1222 4519 reterri
1234 4481 1291 4519 non
1304 4465 1412 4534 potest.

1197 4552 1231 4606 51
