3600 5334
841 629 1064 693 ..16-

392 805 556 889 Vergilius
573 807 675 891 atque
699 804 741 871 ab
758 826 797 872 eo
813 803 1010 890 dependisse
1026 803 1245 871 manifestum
1266 808 1319 871 est
1335 826 1393 871 eos
1410 808 1515 893 scrip·

392 914 492 993 tores,
525 933 608 998 quos
639 910 809 994 Landgraf
835 910 947 994 affert,
976 912 1033 997 qui
1058 911 1241 997 posteriore
1270 914 1385 978 aetate
1412 913 1514 979 libros

393 1021 659 1105 composuerunt.
696 1018 809 1104 Atque
834 1018 1011 1084 abhorrere
1036 1018 1079 1084 ab
1106 1017 1299 1104 incorrupta
1321 1018 1419 1085 latini
1442 1039 1514 1085 ser-

393 1125 502 1191 monis
528 1124 723 1207 integritate
750 1124 842 1190 illam
873 1124 1048 1207 rationem,
1078 1145 1145 1210 qua
1175 1127 1379 1211 usurpantur
1410 1126 1516 1192 verba

393 1231 568 1296 materiam
592 1230 770 1297 afferentia
792 1251 850 1316 pro
873 1251 917 1313 re,
943 1251 1029 1316 quae
1052 1251 1094 1296 ex
1116 1229 1181 1296 illis
1196 1231 1362 1298 fabricata
1384 1235 1437 1298 est
1459 1231 1515 1298 vel

394 1356 436 1402 ex
460 1357 527 1423 qua
541 1336 688 1402 fructum
704 1338 872 1423 quendam
887 1337 1039 1403 homines
1058 1336 1256 1423 percipiunt,
1281 1337 1388 1421 colligi
1402 1340 1515 1423 potest

395 1464 413 1508 e
436 1443 538 1509 variis
562 1443 776 1526 argumentis,

481 1549 532 1615 Ac
546 1550 689 1635 primum
701 1547 835 1636 quidem
851 1549 1058 1635 temporibus
1069 1550 1244 1636 imperium
1256 1549 1402 1632 Augusti
1417 1552 1515 1616 ante-

394 1654 589 1722 cedentibus
620 1655 678 1722 illa
704 1654 870 1722 vocabula
899 1654 1071 1742 pluraliter
1102 1656 1321 1742 pronuntiata
1350 1657 1385 1721 in
1415 1677 1516 1742 prosa

394 1763 543 1829 oratione
573 1783 642 1828 non
672 1763 815 1828 inveniri
846 1764 990 1845 constat,
1025 1762 1093 1828 nisi
1123 1783 1199 1829 cum
1229 1761 1394 1829 translate
1425 1761 1516 1828 dicta

393 1872 474 1935 sunt
496 1870 552 1935 vel
574 1869 633 1935 ubi
655 1869 768 1935 varias
792 1888 845 1934 res
869 1869 1020 1935 eiusdem
1043 1869 1166 1955 speciei
1188 1868 1401 1936 denotantur.
1446 1869 1516 1935 Nec

393 1974 586 2059 negandum
609 1977 662 2042 est
685 1996 752 2056 eos,
777 1976 834 2061 qui
856 1974 915 2041 illa
938 1978 1051 2042 aetate
1072 1977 1222 2042 animum
1245 1974 1516 2042 adscribendum

395 2081 658 2167 applicaverunt,
694 2085 784 2148 totos
819 2102 856 2147 se
886 2081 1028 2148 finxisse
1063 2086 1098 2148 et
1131 2081 1436 2148 accommodavisse
1471 2082 1516 2148 ad

393 2189 487 2253 certa
502 2188 666 2274 quaedam
682 2189 870 2274 praecepta.
912 2188 974 2269 Qui
990 2188 1106 2255 dicunt
1121 2188 1293 2275 pluraliter
1316 2210 1402 2273 aad,
1425 2193 1515 2273 solea

393 2294 413 2359 i.
430 2315 457 2360 e.
478 2294 715 2377 urbanitatem,
740 2317 836 2380 ceros,
865 2315 952 2381 quae
975 2293 1064 2361 idem
1086 2294 1204 2361 valent
1227 2297 1329 2381 atque
1352 2295 1515 2378 imagines

394 2422 436 2467 ex
460 2422 535 2467 aere
551 2401 673 2484 factae,
696 2404 833 2486 glandes,
857 2403 911 2468 cui
933 2401 1008 2467 voci
1023 2401 1176 2467 subiecta
1199 2403 1252 2467 est
1274 2401 1327 2467 vis
1343 2401 1515 2484 globorum

394 2507 556 2593 fictilium,
581 2511 724 2594 ramices,
748 2511 891 2595 adapes.²)
930 2506 1058 2574 Deinde
1081 2509 1258 2594 permirum
1272 2507 1514 2590 videturesse,

393 2612 484 2699 quod
514 2637 708 2702 quanquam
739 2615 889 2681 eiusdem
923 2615 1053 2697 generis
1083 2615 1250 2699 permulta
1276 2613 1514 2700 posterioribus

366 2771 370 2782 .
393 2721 598 2807 temporibus
614 2722 776 2809 pluralem
792 2723 993 2808 acceperunt
1007 2741 1116 2806 neque
1135 2721 1200 2786 illis
1217 2721 1315 2787 certis
1330 2721 1514 2807 praeceptis

394 2829 609 2895 continentur
630 2831 759 2915 postea,
792 2830 908 2894 tamen
934 2848 1044 2913 pauca
1071 2847 1114 2892 ne
1142 2829 1216 2893 tum
1239 2826 1374 2913 quidem
1397 2826 1515 2894 eadem

394 2936 526 3020 poetica
541 2934 677 3001 licentia
693 2936 774 3000 sunt
789 2955 861 3017 usa,
887 2935 974 3000 sicut
989 2957 1117 3018 aarum,
1139 2942 1318 3020 arpentum,
1336 2935 1514 3020 plumbum,

394 3062 482 3126 quae
505 3061 674 3127 nusquam
702 3042 736 3105 in
760 3040 824 3106 alio
847 3061 986 3106 numero
1010 3041 1228 3107 inveniuntur
1250 3041 1315 3106 nisi
1341 3041 1376 3106 in
1400 3042 1515 3124 singu-

394 3146 489 3228 laria)
528 3145 580 3211 Ex
603 3166 667 3231 quo
689 3145 844 3228 efficitur,
876 3146 1070 3214 utiliorum
1094 3148 1242 3213 omnium
1261 3147 1439 3214 verborum
1461 3146 1515 3213 hie

395 3271 554 3317 numerus
586 3252 630 3317 sit
651 3252 810 3338 proprius.
856 3252 984 3333 Quibus
1015 3252 1191 3320 decausis
1223 3252 1267 3320 ad
1290 3274 1404 3320 eorum
1435 3274 1514 3319 sen-

395 3358 538 3423 tentiam
569 3357 725 3424 accedere
759 3379 827 3425 non
857 3381 1047 3447 possumus
1083 3361 1140 3446 qui
1174 3360 1289 3426 dieunt
1323 3360 1380 3426 illa
1410 3360 1515 3426 verba

395 3463 532 3549 pluralis
555 3465 676 3550 poetici
697 3464 817 3532 indicio
841 3487 961 3533 carere.

486 3570 551 3636 Sed
573 3571 698 3656 redeat,
730 3571 819 3639 unde
847 3574 1016 3640 aberravit
1045 3574 1160 3641 oratio.
1206 3573 1294 3639 Nam
1324 3594 1366 3641 ex
1390 3575 1513 3658 aetate,

396 3690 464 3762 qua
487 3676 597 3744 denuo
621 3680 744 3744 artium
771 3680 885 3746 studia
907 3680 1019 3763 vigere
1043 3683 1233 3767 coeperunt,
1263 3701 1338 3746 cum
1361 3679 1416 3746 alii
1440 3682 1514 3746 tum

396 3782 451 3849 Fr.
468 3784 741 3852 Braumuellcr
757 3787 869 3852 omnia
885 3785 1046 3854 eiusmodi
1062 3808 1120 3873 per
1136 3785 1366 3874 synecdochae
1382 3788 1515 3873 tropum

396 3888 621 3975 intellegenda
633 3913 707 3958 esse
720 3895 931 3959 censuerunt.
966 3894 1081 3980 Neque
1095 3895 1182 3960 enim
1195 3895 1267 3960 sine
1280 3914 1384 3960 causa
1395 3895 1515 3979 petitas

397 3995 535 4064 Latinos
569 4020 726 4066 numeros
762 3999 1031 4083 commutavisse,
1072 3999 1131 4066 sed
1165 3998 1199 4065 id
1233 4021 1335 4086 quam
1369 4001 1515 4065 maxime

398 4106 600 4188 spectantes,
624 4108 663 4170 ut
679 4126 753 4171 cum
770 4107 895 4172 virtute
913 4106 1059 4172 dicerent
1075 4127 1144 4171 non
1160 4105 1268 4172 solum
1284 4104 1373 4188 alibi,
1397 4126 1515 4171 verum

486 4351 506 4422 ¹)
525 4353 556 4407 P.
575 4354 681 4408 Meas
700 4355 789 4408 l.s.s.
808 4352 992 4424 pg.503sqq.

485 4440 506 4510 ²)
526 4442 765 4513 Slottyp.37.
