3600 5334
385 831 504 919 11174,
517 833 555 915 53
577 855 644 900 coa
668 839 696 899 tc
714 832 880 918 populace
896 831 1028 898 thermis
1052 835 1106 912 (sc.
1122 831 1311 915 praeparat)
1334 830 1466 912 VH32‚
1480 832 1512 897 7.

388 937 516 1019 Quibus
540 938 774 1025 comprobatur
804 958 822 1003 e
851 936 1015 1023 qualitate
1039 935 1218 1023 praecipua
1239 933 1408 1001 interdum
1439 955 1507 1001 rem

387 1045 497 1131 ipsam
518 1065 643 1111 nomen
666 1063 783 1130 capere
806 1063 922 1130 posse;
946 1042 1093 1129 qualitas
1118 1043 1206 1109 enim
1230 1041 1345 1126 efficit,
1370 1044 1410 1108 υτ
1433 1062 1511 1107 ver-

387 1151 478 1236 bum,
503 1149 592 1238 quod
614 1150 719 1233 initio,
744 1149 773 1215 si
796 1149 840 1215 ad
864 1149 1023 1232 originem
1047 1150 1190 1236 spectas,
1219 1151 1272 1215 est
1295 1146 1510 1229 adiectivum,

389 1257 596 1323 substantivi
618 1257 688 1323 vim
710 1256 860 1342 accipiat.
958 1290 962 1301 =

479 1362 545 1429 Sed
572 1363 607 1428 in
630 1363 752 1446 linguis
781 1383 878 1449 quae,
910 1365 950 1428 υτ
972 1361 1102 1445 Latina,
1133 1363 1200 1427 iam
1224 1360 1322 1447 quasi
1344 1360 1512 1447 permulta

389 1469 526 1536 saecula
540 1472 782 1557 percurrerunt,
806 1469 842 1535 in
856 1468 1023 1556 plerisque
1039 1468 1150 1535 verbis
1169 1467 1261 1534 illum
1278 1465 1510 1533 translationis

390 1575 531 1643 colorem
554 1598 622 1643 non
645 1577 856 1663 perspicuum
879 1598 965 1659 esse,
994 1574 1053 1642 sed
1076 1575 1151 1662 plus
1175 1575 1330 1641 minusve
1354 1572 1509 1639 debilita-

388 1684 462 1750 tum
485 1682 591 1750 videri
614 1685 764 1770 apparet,
788 1683 938 1769 inprimis
957 1681 1023 1748 illis
1038 1682 1255 1768 temporibus,
1279 1680 1401 1767 quibus
1426 1701 1467 1747 aa
1488 1702 1510 1746 a

389 1787 544 1857 Cicerone
576 1789 620 1856 ad
643 1788 885 1855 sublimitatem
909 1788 1079 1875 quandam
1102 1789 1262 1875 perducta
1286 1790 1346 1853 est.
1392 1787 1509 1872 Itaque

388 1919 409 1964 a
432 1898 529 1963 nobis
553 1899 634 1962 sunt
657 1918 698 1962 ea
721 1898 833 1963 omnia
855 1896 1001 1979 nomina,
1031 1895 1126 1962 velut
1148 1919 1189 1978 os,
1218 1895 1306 1980 quod
1330 1893 1514 1960 collocatur

388 2024 446 2090 pro
476 2005 570 2089 forie,
607 2002 802 2086 omittenda,
839 2022 926 2089 quae
961 2004 1074 2068 aetate
1106 2001 1270 2077 Martialis
1304 2001 1410 2066 multo
1445 2022 1509 2066 usu

390 2107 514 2175 detrita
535 2108 682 2192 fuerunt,
713 2111 753 2174 υτ
782 2109 818 2174 in
840 2111 934 2194 tropo
965 2109 1034 2174 iam
1063 2129 1132 2174 non
1159 2110 1345 2193 versentur,
1379 2107 1439 2173 sed
1470 2127 1513 2172 ea

391 2217 504 2282 omnia
527 2214 710 2298 afferenda,
735 2235 822 2301 quae
845 2218 919 2281 tum
935 2217 1115 2298 viguerunt
1130 2218 1242 2300 atquc,
1266 2217 1306 2280 ut
1329 2216 1435 2281 oratio
1458 2214 1510 2279 in·

391 2321 528 2388 citatius
550 2321 700 2407 ferretur,
724 2322 832 2388 ascita
855 2325 943 2388 sunt.

916 2519 987 2602 qr.

480 2641 608 2722 Quibus
624 2642 816 2728 praemissis
833 2642 876 2707 ad
892 2640 1024 2726 singula
1040 2644 1261 2708 transeamus.
1299 2642 1409 2729 Atque
1425 2641 1515 2706 inter

390 2770 507 2816 omnes
531 2747 760 2837 synecdochae
792 2748 919 2835 speeies
950 2770 1025 2814 eam
1052 2748 1202 2815 obtinere
1225 2747 1367 2834 primum
1391 2746 1510 2829 locum,

390 2877 477 2943 quae
500 2856 536 2922 in
558 2858 683 2942 parte
706 2877 779 2942 pro
802 2859 899 2922 toto
927 2855 1085 2942 ponenda
1107 2859 1270 2938 versatur,
1295 2876 1397 2941 supra
1420 2876 1510 2921 com·

390 2963 658 3030 memoravimus.
704 2962 779 3028 Huc
801 2962 977 3029 referenda
1007 2964 1088 3028 sunt
1110 2962 1168 3027 illa
1190 2962 1304 3045 verba,
1336 2982 1423 3048 quae
1453 2982 1512 3047 per

391 3066 640 3154 synecdochem
664 3067 832 3134 translata
853 3070 888 3134 in
911 3071 1086 3155 poetarum
1111 3068 1248 3134 officina
1262 3071 1437 3155 tamquam
1460 3068 1511 3132 in-

393 3176 582 3239 strumenta
604 3174 741 3238 luerunt
763 3174 870 3240 veluti
892 3177 1001 3242 aether
1023 3174 1079 3241 vel
1100 3180 1195 3259 potus
1217 3196 1275 3261 pro
1300 3179 1393 3256 cocio,
1423 3182 1514 3241 rotae

390 3301 449 3365 pro
474 3302 584 3360 carcre,
608 3283 704 3348 timec
727 3280 783 3346 vel
805 3283 920 3349 limiae
943 3303 1000 3369 pro
1017 3285 1116 3366 dorne,
1141 3284 1219 3368 iupa
1242 3302 1300 3369 pro
1323 3288 1429 3348 create
1453 3301 1511 3346 ex-

392 3386 528 3451 stantia.
585 3385 692 3466 Quam
727 3387 957 3473 synecdochae
992 3390 1135 3474 speciem
1168 3389 1329 3474 praebere
1362 3387 1514 3474 inprimis

393 3490 478 3557 duas
501 3492 627 3558 formas
651 3493 841 3577 eDonatill
864 3494 976 3560 verbis
1000 3498 1155 3581 apparet:
1178 3496 1213 3559 in
1237 3516 1304 3581 qua
1325 3494 1435 3578 figura
1458 3497 1514 3574 (so.

393 3600 614 3686 synecdoche>
639 3604 674 3667 et
696 3622 773 3686 pars
796 3621 854 3687 pro
878 3603 951 3667 toto
972 3601 1129 3687 ponenda
1152 3605 1212 3685 est,
1236 3622 1323 3689 quae
1346 3604 1407 3667 aut
1430 3600 1511 3685 emi-

392 3724 477 3773 nens
502 3729 544 3773 ex
566 3710 649 3792 toto,
684 3711 744 3774 aut
774 3707 909 3774 maioris
932 3708 1028 3794 pretii
1058 3707 1175 3775 estad
1198 3707 1241 3791 id,
1274 3706 1363 3794 quod
1394 3708 1513 3791 agitur.

392 3811 485 3880 Prior
501 3818 617 3881 autem
636 3816 759 3899 exstat,
783 3814 843 3879 ubi
858 3837 879 3881 a
894 3815 1002 3901 poetis
1026 3815 1069 3881 ad
1085 3816 1254 3881 hominem
1270 3812 1512 3897 designandum

392 3920 527 4005 ponitur
545 3930 648 4006 caput.
685 3921 772 3988 Nam
788 3920 822 3985 id
838 3919 1029 4006 collocatur,
1053 3921 1142 4007 quod
1166 3923 1220 3987 est
1242 3921 1340 3987 sedes
1363 3921 1515 4004 rationis

391 4026 441 4092 ita
475 4031 514 4093 ut
547 4049 564 4093 e
598 4030 716 4093 ceteris
751 4029 894 4113 corporis
928 4028 1086 4094 membris
1121 4027 1271 4094 excellat.
1317 4026 1512 4093 Ulteriorem

393 4134 508 4198 autem
531 4132 673 4198 formam
688 4133 821 4219 reperiri
837 4135 940 4200 etiam
956 4133 1046 4221 apud
1060 4133 1248 4201 Martialem
1271 4157 1298 4200 e.
1314 4134 1333 4200 l.
1349 4137 1403 4203 ΠΙ
1426 4154 1474 4220 ep.
1490 4134 1512 4198 5

392 4238 461 4303 v.5
485 4238 553 4303 iam
577 4260 678 4324 supra
701 4239 803 4307 allato
828 4243 976 4327 apparet.
1010 4240 1146 4307 Librum
1162 4241 1250 4307 enim
1265 4243 1367 4327 poeta
1390 4240 1514 4306 adhor-

482 4451 502 4521 ¹l
521 4451 565 4506 Ad
583 4452 646 4507 Ter.
658 4453 744 4508 Andr.
757 4451 819 4507 261.
