3600 5334
757 648 981 710 -41-

309 846 406 891 suam
438 825 654 906 demonstret,
687 845 754 890 non
785 845 860 890 esse
890 823 1018 909 tropica
1048 844 1090 889 ea
1112 823 1225 906 verba,
1251 843 1337 908 quae
1360 843 1429 888 nou

309 936 342 998 ‘a
373 931 531 1018 principio
564 933 598 997 et
620 930 752 1017 propria
776 931 810 997 vi
833 934 907 996 sua’
930 929 1057 996 fuerint
1080 929 1251 1013 eiusmodi,
1277 950 1316 995 eo
1340 928 1428 996 deei-

308 1039 406 1126 pitur.
466 1038 554 1104 Nam
593 1058 709 1104 omnes
739 1038 826 1123 tropi
857 1039 938 1103 sunt
968 1035 1166 1103 conformati
1196 1036 1268 1102 sive
1298 1036 1428 1102 ratione

309 1144 439 1212 dicendi
469 1147 645 1231 podtarum
675 1145 808 1231 propria
838 1144 910 1210 sive
934 1143 1091 1210 cotidiani
1114 1144 1243 1226 generis
1267 1161 1428 1210 sermone.

307 1251 377 1317 Nec
399 1252 577 1335 negabitis,
595 1250 624 1316 si
640 1251 827 1318 comoedias
843 1251 1050 1337 perlegeritis
1067 1254 1102 1316 et
1117 1249 1229 1315 Plauti
1245 1253 1280 1316 et
1295 1250 1429 1314 Terenti

309 1358 493 1425 orationem
525 1357 569 1424 ad
599 1359 771 1441 vulgarem
802 1378 940 1424 sensum
971 1357 1305 1439 accommodantium,
1338 1376 1428 1422 com·

308 1486 443 1531 munem
459 1465 619 1532 sermonis
636 1463 910 1532 consuetudinem
922 1463 1124 1549 permultum
1136 1462 1248 1528 valere
1261 1463 1305 1528 ad
1316 1465 1429 1549 tropos

309 1572 518 1656 excolendos,
543 1593 618 1638 cum
641 1572 726 1637 haee
748 1571 782 1637 id
806 1591 907 1656 quam
931 1571 1076 1635 maxime
1100 1572 1238 1654 spectet,
1262 1572 1302 1635 ut
1324 1589 1379 1634 res
1393 1571 1429 1634 et

308 1682 388 1746 ante
421 1678 533 1745 oculos
564 1682 669 1765 ponat
693 1680 728 1744 et
751 1697 881 1742 summo
907 1676 1014 1743 colore
1036 1675 1189 1741 illustret.
1235 1673 1428 1741 Cuiusmodi

309 1790 390 1853 sunt
424 1786 579 1873 prolecto,
610 1784 800 1870 ubicunque
831 1804 890 1870 pro
923 1785 1048 1849 incerto
1079 1803 1218 1848 numero
1249 1781 1429 1848 collocatur

309 1896 428 1960 certus,

397 2017 463 2085 Sed
486 2017 544 2084 illa
567 2038 760 2104 quanquam
783 2016 998 2103 aliquatenus
1014 2014 1057 2081 ad
1073 2013 1317 2102 synecdochem
1333 2034 1428 2100 spec·

307 2128 380 2191 tare
403 2125 569 2207 videntur,
592 2128 707 2191 tamen
729 2124 841 2211 potius
865 2123 1080 2190 attribuimus
1102 2121 1316 2209 hyperbolae,
1342 2142 1427 2206 quae

309 2232 441 2317 quidem
470 2232 583 2298 vicina
615 2253 654 2299 ae
684 2231 830 2298 finitima
861 2234 914 2297 est
943 2230 991 2297 illi
1020 2230 1150 2314 idcirco,
1183 2228 1272 2315 quod
1294 2249 1347 2294 res
1370 2249 1429 2315 per

308 2359 383 2405 eam
406 2338 514 2426 ipsam
538 2339 716 2429 enuntiata
739 2339 836 2425 quasi
859 2359 937 2425 pars
961 2340 1015 2404 est
1037 2338 1109 2403 eius
1125 2338 1181 2419 rei,
1199 2357 1285 2421 quae
1301 2337 1335 2400 in
1352 2356 1427 2401 ora-

307 2445 398 2512 tione
421 2449 563 2532 ponitur.
597 2447 685 2512 Nam
706 2446 900 2534 hyperbola,
924 2448 964 2511 ut
979 2442 1106 2509 Bedam
1122 2443 1335 2528 sequamur,¹)
1353 2463 1427 2507 cum

308 2553 352 2618 sit
374 2555 470 2621 dictio
485 2556 587 2639 fidem
611 2557 762 2622 needene
784 2554 927 2639 inpendi
948 2553 1155 2619 minuendive
1178 2571 1285 2632 canen,
1310 2546 1365 2613 vel
1388 2549 1427 2613 ut
1488 2584 1498 2599 ι

307 2658 532 2744 Quintiliana
556 2660 668 2727 verbis
692 2663 836 2743 utamur,
861 2662 974 2726 decens
993 2661 1061 2725 neri
1076 2658 1272 2741 superiectio,
1289 2674 1357 2719 non
1374 2656 1427 2719 est

308 2787 364 2831 cur
394 2767 487 2852 talia,
520 2768 578 2833 ubi
607 2767 754 2831 numeris
788 2766 886 2831 certis
917 2785 975 2849 pro
1006 2763 1141 2828 incertis
1164 2761 1282 2847 positis
1305 2761 1427 2846 poitae

307 2873 391 2939 nihil
415 2871 505 2939 aliud
529 2874 693 2958 spectant,
717 2871 783 2936 nisi
806 2874 846 2936 ut
869 2870 994 2955 ahquid
1016 2870 1050 2933 in
1066 2869 1175 2934 maius
1192 2866 1357 2933 extollant
1372 2865 1426 2931 vel

306 2979 519 3062 imminuant,
550 2978 628 3043 huic
651 2980 746 3063 tropo
771 2976 1051 3059 subiungamus.³)
1098 2975 1199 3041 Cuius
1223 2972 1313 3059 apud
1336 2973 1426 3039 Mar-

306 3084 423 3151 tialem
446 3105 529 3150 usus
552 3083 732 3150 luculentis
755 3082 917 3170 exemplis
940 3081 1131 3149 illustretur.
1166 3081 1313 3148 Exstant
1328 3082 1426 3147 haec:

306 3188 1426 3277 nete:1V71,5;V22,9;V193‚113V1120,13;V1197‚5;D(67,3;

306 3299 352 3366 IX
367 3301 487 3384 92,10;
510 3298 542 3363 X
560 3300 654 3383 10,2;
670 3299 716 3364 XI
732 3299 829 3383 31,3;
844 3296 891 3363 XI
909 3298 1026 3381 100,5;
1042 3295 1103 3363 XII
1118 3298 1215 3382 26,4;
1231 3295 1292 3361 XII
1307 3297 1426 3381 82,14;

305 3405 381 3472 XIII
398 3408 454 3490 303
477 3406 555 3473 XIV
571 3407 644 3472 222.
673 3446 717 3454 -
741 3410 885 3475 trecenti:
908 3406 1065 3490 11193,1;
1088 3405 1135 3471 IX
1153 3406 1247 3488 19,1;
1270 3402 1317 3468 XI
1332 3405 1385 3487 35,
1399 3406 1425 3468 1.

232 3560 235 3566 -
305 3552 349 3561 -
371 3517 513 3582 decenti:
536 3513 580 3580 III
595 3515 714 3598 93,18;
738 3514 929 3598 virsano.
951 3553 994 3560 -
1015 3521 1152 3580 centeni:
1168 3511 1198 3578 V
1215 3513 1289 3594 9,2;
1306 3510 1336 3575 V
1353 3511 1426 3593 9,3;

305 3618 366 3685 VH
381 3621 500 3705 95,14;
533 3620 608 3687 VIII
624 3622 745 3705 44,11;
775 3620 821 3686 IX
837 3621 935 3704 22,5;
968 3618 1013 3684 IX
1029 3621 1126 3700 37‚4;
1150 3616 1205 3683 vel
1229 3619 1356 3683 centies:
1381 3614 1426 3679 Vl

306 3728 402 3812 49,5;
426 3726 502 3792 VIII
517 3728 570 3812 42,
580 3728 610 3792 3.
633 3766 678 3774 -
701 3731 894 3810 qaindecim:
918 3726 965 3791 XI
981 3726 1078 3808 6,13;
1100 3762 1145 3771 -
1168 3723 1349 3806 quindecies
1364 3720 1426 3786 VII

309 3834 420 3915 10,15.
443 3873 487 3881 ——
510 3838 626 3902 deceni:
650 3833 790 3917 V12‚7;
812 3833 970 3916 V120,4;
994 3831 1069 3896 VIII
1086 3830 1159 3914 7,2;
1182 3827 1228 3893 IX
1245 3828 1317 3912 100,
1329 3830 1358 3893 4.
1381 3867 1426 3875 —

306 3942 415 4008 decies:
439 3939 943 4026 ss67,3;11152,3;'1V78,7;
967 3933 1316 4019 IX93,5;X1156,1.
1363 3942 1425 4002 ter:

396 4189 414 4258 ‘l
433 4189 517 4260 Apud
535 4189 619 4244 Helm
637 4188 700 4243 615.

395 4278 414 4348 ⁹)
433 4278 497 4332 VIII
508 4278 534 4343 6,
543 4277 587 4333 67.

395 4368 415 4436 ³)
436 4365 478 4421 Cf.
497 4367 568 4436 Egli,
587 4365 640 4421 Die
658 4364 797 4437 Hyperbel
815 4365 846 4419 in
864 4365 919 4420 den
938 4363 1096 4419 Komddien
1115 4363 1164 4419 dee
1183 4365 1303 4420 Plautus
1321 4365 1379 4418 und
1396 4364 1425 4418 in

307 4451 418 4510 Ciceros
436 4454 551 4510 Briesen
570 4471 607 4509 an
625 4454 739 4510 Atticus
759 4452 1089 4525 (Zug.Progr.1891j92)
1108 4470 1155 4525 pg.
1166 4452 1251 4527 sssqq.
