3600 5334
738 653 961 718 ..15-

285 828 600 913 Braumueller,²)
617 830 675 916 qui
691 828 804 896 dicant
818 828 912 896 illum
928 850 1104 896 numerum
1120 835 1319 917 usurpatum
1336 853 1409 899 esse

286 933 329 1001 ad
346 935 520 1001 notionem
536 937 627 1001 vocis
645 935 916 1022 amplificandam
939 935 995 1003 vel
1018 937 1121 1003 animi
1136 937 1290 1004 habitum
1312 937 1408 1004 illus·

285 1040 443 1107 trandum
477 1045 658 1128 aperteque
691 1042 944 1109 ostendendum.
991 1041 1057 1109 Sed
1092 1042 1120 1108 si
1151 1045 1339 1110 accuratius
1373 1045 1409 1110 in

284 1147 370 1214 talia
391 1149 671 1235 inquisiverimuS,
704 1147 924 1216 concedemus
952 1149 993 1215 iis
1017 1148 1219 1233 singularem
1243 1151 1312 1216 vim
1339 1171 1409 1217 606

285 1253 514 1321 subiciendam
545 1275 627 1321 esse.
673 1253 761 1321 Nam
792 1276 868 1322 oum
899 1254 990 1321 aliud
1019 1255 1207 1342 exemplum
1238 1278 1314 1323 oum
1342 1255 1409 1323 6110

285 1361 596 1447 comparaverimus,
620 1382 700 1430 mox
715 1361 949 1446 intellegemus
969 1361 1100 1428 illorum
1117 1361 1287 1429 doctorum
1309 1384 1407 1447 argu-

284 1470 399 1533 menta
422 1488 496 1534 esse
520 1469 718 1554 spinosiora,
743 1489 845 1556 quam
869 1472 909 1535 ut
933 1491 974 1535 ea
996 1468 1136 1554 probare
1159 1470 1335 1555 possimus.

373 1574 486 1662 Atque
520 1577 560 1640 ut
590 1596 611 1641 6
641 1575 751 1660 politis
782 1574 957 1640 abstracta
986 1575 1022 1639 in
1053 1573 1173 1660 plurali
1203 1574 1408 1643 collocantur

284 1683 401 1747 006166
416 1680 576 1747 orationis
596 1679 763 1767 pedestris
784 1679 1072 1763 consuetudinem,
1096 1680 1146 1746 ita
1169 1702 1229 1747 eae
1251 1703 1305 1747 res
1321 1703 1408 1768 quae

198 1808 200 1812 ·
284 1787 439 1852 sensibus
463 1787 636 1852 subiectae
661 1787 749 1851 sunt.
794 1785 870 1852 Huc
893 1788 1009 1852 autem
1036 1786 1226 1853 revocanda
1249 1791 1329 1853 sunt
1355 1809 1406 1872 ea,

285 1913 372 1977 quae
388 1892 562 1957 materiam
575 1891 750 1975 denotant,
767 1892 862 1959 velut
875 1894 1026 1978 barecae,
1040 1893 1218 1979 frumento,
1229 1917 1409 1981 60600660,

284 2000 385 2082 molto,
401 2021 489 2083 aero,
505 2021 676 2084 marmora,
692 2002 766 2066 tum
782 2020 832 2081 66,
850 2021 937 2086 quae
951 2002 1094 2086 corporis
1107 2002 1261 2088 quamvis
1276 2004 1407 2088 partem

285 2103 482 2188 significant,
507 2104 603 2171 velut
625 2114 724 2193 16660,
747 2130 814 2192 ero,
842 2114 957 2192 rostra,
986 2107 1127 2194 denique
1156 2107 1224 2174 6116
1246 2111 1403 2175 neutrum

283 2232 389 2295 genus
397 2211 557 2299 imprimis
569 2213 774 2299 praebentia,
788 2215 1398 2302 6166116166006110111,0100166010

374 2317 439 2384 Sed
463 2339 505 2385 ex
527 2318 593 2385 illis
616 2341 657 2386 ea
680 2341 754 2387 esse
778 2321 975 2407 excipienda
996 2320 1240 2388 Guilelmus
1263 2321 1405 2389 Land-

283 2425 409 2509 grase)
434 2430 558 2513 censet,
583 2427 704 2514 quibus
720 2428 857 2514 pluralis
874 2427 1041 2515 quaedam
1064 2429 1157 2494 notio
1173 2428 1326 2494 subiecta
1349 2428 1402 2512 sit,

281 2533 332 2598 ita
362 2534 401 2598 ut
431 2554 473 2599 ne
501 2535 536 2599 in
567 2533 680 2601 soluta
703 2534 837 2620 quidem
869 2536 1020 2601 oratione
1052 2534 1235 2617 singularia
1264 2535 1399 2600 tantum

283 2639 385 2723 61611)

373 2744 435 2825 Qui
465 2744 731 2819 6166616611666
764 2767 862 2811 suam
893 2746 1096 2832 comprobet,
1129 2765 1205 2812 cum
1235 2745 1303 2811 alia
1332 2748 1406 2811 tum

283 2849 449 2915 ‘harenas’
466 2849 577 2935 affert,
602 2849 723 2936 quibus
739 2852 886 2937 spatium
903 2852 1098 2916 continuum
1114 2851 1303 2919 denotatur.
1342 2851 1407 2918 Sed

284 2957 433 3042 apparet,
462 2976 562 3041 quam
592 2955 727 3021 infirmo
758 2955 980 3023 fundamento
1013 2957 1081 3023 sint
1111 2958 1183 3023 eius
1207 2962 1406 3042 argumenta

283 3060 442 3128 stabilita.
487 3061 537 3127 Ac
566 3061 710 3148 primum
740 3063 874 3149 quidem
905 3063 1003 3131 nobis
1034 3064 1195 3151 displicet,
1227 3064 1316 3153 quod
1349 3066 1406 3133 ille

283 3167 488 3236 sententiam
519 3189 615 3235 suam
648 3189 718 3235 una
749 3189 784 3234 re
815 3170 1064 3256 comprobatam
1095 3172 1259 3239 latissime
1290 3176 1407 3260 patere

283 3276 446 3362 opinatur,
470 3278 543 3341 tum
560 3273 649 3361 quod
665 3273 943 3342 consuetudinem
959 3278 1120 3343 sermonis
1144 3300 1262 3365 prosae
1286 3300 1405 3363 argeu-

282 3386 358 3448 teae
382 3403 484 3468 quam
498 3384 623 3449 vocant
646 3380 823 3448 confundit
846 3402 923 3448 cum
946 3381 1004 3449 1116
1020 3382 1150 3450 dicendi
1172 3386 1312 3470 ratione,
1337 3407 1405 3472 qua

281 3489 335 3554 usi
358 3491 439 3556 sunt
460 3491 580 3575 pottae
596 3489 742 3573 Augusti
765 3487 898 3556 aetatis.
937 3490 1024 3556 Nam
1040 3489 1229 3574 linguarum
1244 3491 1406 3557 historiae

281 3594 496 3678 investigatio
509 3617 576 3663 non
589 3595 633 3662 ad
644 3597 837 3683 posteriora,
851 3594 911 3662 sed
923 3597 967 3663 ad
979 3596 1089 3683 priora
1100 3597 1405 3682 temporarecurrit.

282 3700 456 3767 ‘Harenas'
480 3705 596 3769 autem
623 3703 798 3789 pluraliter
825 3703 1064 3790 pronuntiatas
1091 3703 1212 3769 vitium
1243 3701 1405 3768 orationis

284 3806 447 3872 Ciceronis
477 3809 681 3894 temporibus
712 3808 818 3876 fuisse
842 3808 970 3876 Gellius
998 3810 1097 3876 testis
1128 3811 1190 3893 est,
1223 3808 1280 3895 qui
1302 3807 1404 3874 tradit

283 3911 460 3978 Gaesarem
485 3914 529 3994 (in
544 3913 626 3980 libro
650 3914 690 3980 de
707 3915 871 3999 analogia)
893 3915 1114 3999 castigavisse
1129 3914 1223 3981 illum
1241 3916 1405 3981 sermonis

283 4019 457 4101 erroremi)
503 4018 673 4086 Pluralcm
707 4041 883 4087 numerum
919 4021 1038 4088 litteris
1074 4022 1199 4108 primus
1228 4022 1406 4089 mandavit

373 4285 391 4355 ¹)
410 4286 442 4341 L.
454 4302 477 4341 s.
490 4302 512 4342 s.
530 4302 576 4356 pg.
592 4286 634 4341 lb.

371 4374 390 4445 ²)
408 4374 566 4430 Woelfflini
586 4374 691 4431 Archiv
708 4374 755 4431 vol
773 4375 837 4430 XIV
855 4392 900 4447 pg.
914 4376 1019 4448 ersqq.

372 4463 391 4534 ³)
410 4463 516 4518 Gellius
534 4463 598 4518 XIX
615 4463 641 4530 8,
652 4464 677 4518 3.

335 4558 445 4604 Stietnel.
666 4584 667 4587 =
