3600 5334
845 592 1071 657 ..24-

393 770 550 856 antIquos
573 767 741 836 interdum
768 769 830 836 hos
857 770 971 855 tropos
1000 766 1188 835 confudisse
1212 767 1436 855 exposuimus.
1482 770 1518 837 Si

393 896 472 942 vero
489 874 731 956 Quintilianum
752 875 960 960 respeximus
982 873 1148 942 dicentem
1170 876 1207 941 in
1228 874 1293 940 illis
1309 875 1520 944 vicinitatem

393 981 565 1068 quandam
579 983 702 1064 inesse,
719 981 935 1067 aliquatenus
952 980 1058 1047 doctis
1074 981 1208 1047 veniam
1225 980 1388 1047 dabimus,
1423 982 1518 1063 Quod

392 1088 422 1154 is
454 1086 624 1171 concedet,
661 1088 717 1173 qui
751 1088 834 1153 libro
865 1085 1127 1171 Lindskogii
1160 1087 1261 1153 nixus
1298 1088 1518 1175 inquisiverit,

393 1197 507 1260 utrum
530 1195 670 1261 verbum
694 1214 737 1260 ex
763 1195 814 1278 iis,
847 1193 887 1260 de
912 1193 1033 1280 quibus
1057 1193 1207 1278 dicimuS,
1235 1193 1450 1261 tribuendum
1474 1197 1520 1261 sit

394 1301 623 1388 metonymian
651 1321 695 1366 an
720 1300 960 1386 synecdochae.
1005 1299 1102 1384 Nam,
1126 1303 1166 1366 ut
1189 1300 1348 1387 exemplis
1371 1305 1516 1386 utamur,

394 1406 485 1495 apud
500 1407 687 1474 Martialem
711 1431 831 1475 aarum
853 1405 943 1473 idem
959 1406 1052 1473 valet
1075 1428 1116 1473 ac
1138 1431 1291 1475 nummus
1313 1430 1433 1476 coreas
1456 1412 1516 1475 aut

394 1536 473 1583 oasa
506 1514 562 1580 vel
589 1517 707 1600 poculo
741 1536 854 1600 aurea,
893 1537 1039 1582 marmor
1073 1515 1239 1597 significat
1273 1517 1345 1581 tum
1379 1518 1519 1600 uticem

393 1623 582 1704 miliarium,
613 1624 687 1687 tum
716 1629 961 1690 montemontano
991 1645 1032 1688 ex
1057 1621 1111 1690 illo
1140 1622 1273 1706 fuctum.
1319 1621 1358 1687 In
1385 1621 1516 1708 quibus

394 1726 482 1793 unde
506 1727 666 1812 originem
689 1726 822 1794 duxerit
844 1748 909 1811 res,
938 1731 1040 1813 poeta
1062 1729 1205 1814 respicit.
1252 1727 1326 1809 Qua
1350 1727 1390 1794 de
1414 1749 1520 1795 causa

394 1835 602 1918 grammatici
625 1834 709 1900 haec
740 1837 775 1900 et
798 1834 920 1900 similia
951 1833 1014 1900 sub
1038 1834 1181 1900 eandem
1204 1834 1369 1901 rationem
1398 1833 1517 1902 eadere

393 1943 525 2027 putant.
572 1940 661 2006 Sunt
684 1940 770 2007 enim
796 1942 863 2026 qui,
887 1943 927 2006 ut
949 1962 1052 2027 supra
1071 1941 1412 2025 commemoravimus
1435 1942 1520 2009 talia

395 2047 508 2113 omnia
538 2048 765 2133 metonymice
795 2046 976 2113 subiciant:
1000 2050 1091 2113 ‘narn
1113 2049 1301 2131 materiam,
1325 2069 1411 2134 quae
1435 2069 1517 2135 quo-

395 2174 460 2239 que
482 2153 563 2219 loco·
577 2153 779 2237 nominatur,
807 2154 941 2220 infinite
965 2158 1166 2240 acceperunt
1189 2157 1224 2220 et
1250 2155 1414 2221 rationem
1438 2176 1518 2221 can-

395 2280 454 2326 sae
478 2260 675 2346 exquisitius
698 2260 965 2327 transtulernnt'.
1012 2258 1078 2326 Sed
1100 2261 1321 2348 reperiuntur,
1345 2263 1402 2348 qui
1425 2261 1521 2328 velut

394 2366 590 2453 'Pryph0‚¹)
630 2366 980 2454 Quintilianum
1014 2366 1276 2452 Volkmann,⁸)
1312 2367 1519 2451 Franke,⁴t

394 2473 598 2559 Fenger‚⁶)
615 2473 681 2560 alii,
699 2495 774 2541 cum
787 2498 890 2561 peotes
899 2498 963 2561 pro
978 2476 1079 2561 mesto
1093 2477 1249 2561 ponatur,
1266 2496 1308 2541 ea
1322 2496 1382 2561 per
1397 2496 1518 2562 synec-

395 2579 536 2647 docham
560 2580 650 2648 dicta
664 2581 875 2648 arbitrentur.
913 2583 962 2646 Ac
982 2580 1129 2668 profecto
1153 2582 1182 2647 si
1198 2582 1272 2669 quis
1289 2583 1519 2667 quaestionem

394 2687 559 2770 habuerit,
576 2687 634 2754 illa
648 2689 727 2755 huic
743 2687 979 2771 subiungenda
994 2709 1068 2755 esse
1082 2691 1268 2772 cognoscet
1305 2688 1393 2756 Nam
1408 2692 1520 2775 pocta,

394 2795 452 2861 ubi
471 2818 613 2864 marmor
636 2794 749 2862 dicens
765 2804 1008 2864 mouumentum
1029 2818 1246 2864 marmoreum
1269 2796 1432 2883 proponit,
1455 2795 1520 2860 init

394 2904 567 2987 rationem,
599 2923 759 2987 quarem
790 2903 853 2968 sub
877 2902 1021 2968 eundem
1045 2906 1219 2990 aspectum
1247 2924 1355 2990 paene
1388 2902 1518 2969 subicit.

394 3009 547 3073 Adoreus
573 3008 662 3073 enim
685 3009 858 3075 materiam
884 3010 1010 3092 cogitat
1033 3009 1074 3075 de
1098 3030 1147 3094 eo,
1179 3009 1269 3095 quod
1292 3030 1334 3077 ex
1355 3008 1414 3074 illa
1436 3028 1517 3075 con-

395 3112 600 3196 factumest,
625 3134 690 3198 quo
706 3114 754 3198 fit,
778 3118 818 3181 ut
842 3118 968 3202 ,tropus
990 3116 1027 3180 in
1049 3136 1084 3181 re
1107 3115 1279 3202 proposita
1299 3115 1396 3202 quasi
1410 3135 1520 3181 rema-

395 3220 496 3284 neat‘.
528 3218 621 3299 Quae
638 3240 713 3285 cum
735 3221 785 3286 ita
801 3221 879 3307 sint,
904 3223 933 3287 si
952 3222 1193 3308 revocabimus
1212 3243 1298 3308 quae
1314 3223 1399 3288 ratio
1414 3223 1517 3287 inter-

396 3323 494 3391 cedat
515 3326 604 3390 inter
623 3328 864 3414 metonymiam
892 3330 928 3394 et
950 3328 1206 3416 synecdocham‚
1237 3328 1296 3394 illa
1318 3329 1396 3394 huic
1422 3331 1516 3413 tropo

396 3430 630 3515 subiungenda
654 3435 900 3500 constituamus
925 3455 1062 3502 necesse
1094 3439 1147 3503 est
1176 3433 1293 3502 eodem
1321 3437 1518 3519 argumento

395 3538 466 3605 nixi
488 3560 529 3604 ac
551 3538 805 3625 Lindskogfl)

396 3788 498 3844 Grah
509 3789 567 3844 eis
594 3789 628 3844 de
652 3792 798 3861 troporum
823 3789 853 3844 in
872 3790 903 3844 b.
921 3790 1031 3845 Annaei
1050 3791 1175 3846 Senecae
1197 3789 1352 3861 tragoediis
1369 3788 1521 3860 generibus

394 3877 552 3948 potioribus
571 3878 700 3948 (Vindob.
715 3878 794 3948 1895)
814 3896 860 3949 pg.
873 3878 918 3933 45.

486 3966 506 4036 ¹)
526 3967 558 4021 L.
572 3983 594 4023 s.
607 3984 630 4022 s.
648 3984 694 4037 pg.
708 3967 768 4022 196.
790 4034 796 4044 Ι

485 4056 505 4121 ²)
523 4055 586 4109 VIII
604 4056 630 4121 6,
644 4055 688 4110 20.

485 4144 506 4212 8)
523 4144 554 4197 L.
568 4159 590 4198 s.
603 4159 625 4198 s.
644 4158 690 4213 pg.
702 4144 765 4198 422.

484 4231 508 4298 4)
527 4232 684 4286 Franke
702 4232 738 4288 de
755 4234 817 4289 Tib.
832 4233 892 4289 Silii
911 4233 1003 4289 Italici
1020 4233 1200 4289 Pumicorum
1217 4233 1308 4306 tropIs
1327 4249 1373 4305 pg.
1385 4233 1429 4287 85.

486 4319 505 4389 ὅ)
524 4320 556 4376 L.
569 4336 591 4375 s.
604 4337 627 4376 s.
646 4337 692 4392 pg.
705 4321 749 4377 28.

487 4409 506 4479 ⁶)
526 4408 558 4462 b.
572 4425 594 4464 s.
607 4425 629 4465 s.
642 4427 688 4480 pg.
701 4410 745 4464 23.
