3600 5334
824 609 1044 673 ..66-

377 785 579 853 excolendae
603 806 769 852 summam
794 805 929 870 operam
944 784 1111 866 tribuisse,
1137 783 1383 871 synecdochem
1400 784 1498 870 quasi

375 892 564 977 neglexisse
593 892 699 958 videri
728 891 843 977 possit.
897 889 991 971 Quod
1021 894 1136 957 tamen
1166 890 1290 957 falsum
1326 911 1400 956 esse
1434 889 1498 956 hoo

376 999 486 1086 capite
510 997 716 1065 ostendatur.

902 1194 974 1277 er.

466 1320 515 1384 Ac
537 1318 680 1403 primum
703 1317 837 1404 quidem
860 1315 1063 1383 monendum
1086 1316 1219 1384 videtur
1242 1338 1316 1383 esse
1339 1320 1497 1383 naturam

375 1426 476 1492 huius
506 1424 593 1510 tropi
624 1445 663 1491 eo
694 1425 767 1510 ipso
798 1445 820 1490 a
851 1424 1077 1511 metonymice
1110 1424 1145 1489 vi
1175 1424 1297 1505 diiiere,
1330 1424 1419 1510 quod
1442 1423 1498 1489 ille

375 1531 482 1599 multo
506 1529 676 1598 dilucidior
698 1552 739 1597 ac
757 1531 864 1614 magis
879 1531 1074 1616 perspicuus
1091 1533 1144 1596 est
1159 1551 1261 1616 quam
1276 1530 1368 1596 haec.
1403 1529 1497 1596 Unde

375 1640 472 1726 patet
502 1638 652 1722 singulos
684 1639 796 1723 tropos
826 1657 885 1722 per
916 1636 1161 1723 synecdochem
1191 1636 1433 1721 intellegendos
1457 1657 1496 1702 eo

376 1743 590 1812 artificiosius
612 1744 770 1810 inventos
794 1747 896 1829 atque
912 1746 1092 1829 usurpatos
1108 1764 1192 1827 esse,
1214 1764 1279 1829 quo
1296 1745 1402 1827 magis
1416 1745 1497 1810 insit

375 1852 434 1918 illa
455 1851 684 1938 perspicuitas.
731 1849 931 1936 Quanquam
953 1849 1017 1916 hoc
1047 1871 1115 1916 non
1146 1853 1218 1916 tam
1248 1851 1292 1917 ad
1323 1871 1381 1916 aas
1412 1849 1498 1916 duas

375 1957 501 2024 formas
516 1957 672 2043 pertinet,
697 1957 737 2022 de
753 1957 875 2043 quibus
891 1957 935 2021 ad
951 1959 1137 2022 extremum
1154 1958 1380 2042 exposuimus,
1396 1977 1497 2044 quam

377 2063 420 2130 ad
443 2064 593 2149 primam,
617 2063 676 2129 ubi
699 2084 776 2148 pars
799 2084 857 2149 pro
879 2065 952 2129 toto
969 2068 1031 2129 aut
1045 2066 1155 2130 totum
1171 2085 1228 2149 pro
1244 2066 1339 2148 parte
1355 2063 1497 2148 ponitur.

377 2172 484 2253 Quam
507 2172 636 2256 partem
659 2169 710 2235 vir
733 2169 850 2235 doctus
873 2168 974 2236 huius
997 2171 1157 2255 aetatiS,¹)
1182 2171 1239 2256 qui
1260 2169 1296 2234 in
1311 2169 1497 2256 praeceptis

376 2277 458 2343 artis
480 2276 665 2343 rhetoricae
688 2274 872 2342 tractandis
896 2276 1039 2343 multum
1063 2297 1184 2362 operae
1209 2275 1394 2360 collocavit,
1419 2274 1500 2341 dicit

375 2404 515 2449 neccsse
546 2403 620 2449 essa
651 2385 690 2448 ut
719 2382 807 2449 inter
838 2403 953 2450 omnes
986 2404 1045 2449 eas
1076 2404 1162 2469 quae
1187 2404 1205 2448 e
1228 2386 1300 2449 toto
1324 2382 1498 2464 excedant,

377 2491 610 2573 gravissimam
645 2511 719 2555 esse
754 2490 1041 2575 perspicuamque,
1076 2489 1127 2556 ita
1161 2511 1250 2572 eam,
1290 2510 1377 2574 quae
1412 2489 1498 2555 ratio

376 2595 562 2663 intercedat
580 2597 668 2662 inter
682 2599 813 2682 partem
829 2601 863 2662 et
877 2598 988 2661 totum
1004 2598 1066 2662 aut
1081 2598 1285 2661 contrarium
1299 2597 1335 2661 in
1350 2594 1496 2678 modum,

376 2725 506 2770 summo
541 2702 649 2770 colore
683 2703 851 2769 illustrare
886 2707 1043 2789 oportere.
1099 2704 1212 2784 Qualis
1248 2703 1305 2769 ubi
1340 2723 1408 2768 non
1443 2702 1497 2784 sit,

377 2810 607 2898 synecdochae
630 2808 747 2875 deesse
770 2809 862 2875 illam
885 2809 1166 2894 perspicuitatem.
1204 2809 1262 2875 Ille
1284 2813 1399 2875 autem
1415 2831 1498 2874 usus

376 2938 458 2983 num
494 2920 606 2982 exstet
635 2916 725 3003 apud
756 2915 943 2982 Martialem
976 2916 1005 2981 si
1036 2917 1264 3001 quaerendum
1296 2937 1370 2982 esse
1400 2916 1498 2983 nohis

379 3021 519 3105 videtur,
551 3021 750 3109 respondere
780 3024 815 3087 in
847 3024 935 3089 hanc
966 3024 1170 3088 sententiam
1198 3024 1345 3106 cogimur
1368 3023 1411 3088 ab
1435 3024 1497 3089 hoc

376 3131 478 3217 poeta
512 3129 630 3194 eadem
664 3133 857 3214 praecepta,
894 3150 981 3214 quae
1015 3128 1074 3195 dat
1107 3129 1162 3195 1116
1196 3130 1339 3196 recentis
1374 3129 1497 3195 aetatis

377 3235 587 3302 existimator
609 3235 835 3320 gravissimus,
861 3236 991 3318 egregie
1016 3256 1090 3301 esse
1115 3237 1303 3302 observata.

467 3340 640 3407 Ordiamur
662 3342 772 3427 igitur,
798 3344 827 3407 si
849 3341 969 3428 placet,
994 3363 1016 3407 a
1030 3343 1139 3425 rebus,
1165 3364 1249 3428 quas
1270 3342 1372 3409 oculis
1389 3341 1498 3408 cerni·

377 3470 461 3515 mus.
506 3448 662 3531 Legimus
686 3449 773 3514 anim
797 3449 842 3514 IV
858 3451 911 3531 44,
925 3451 962 3514 3:
985 3450 1061 3517 hoec
1076 3452 1155 3536 iupa
1171 3473 1267 3533 qrcom
1282 3452 1395 3536 Nysae
1410 3451 1498 3517 colles

371 3560 449 3642 plue
478 3556 626 3624 Bacchus
661 3558 790 3624 emovit.
843 3553 894 3620 Ex
927 3576 966 3621 eo
998 3559 1127 3639 autern,
1160 3555 1248 3642 quod
1280 3555 1380 3621 colles
1411 3555 1498 3638 iugis

378 3665 600 3750 opponuntur,
624 3661 710 3728 haec
725 3664 874 3727 montem
889 3665 1010 3745 totum,
1026 3663 1046 3727 1.
1063 3682 1089 3727 e.
1114 3663 1260 3729 Vestiam
1277 3665 1318 3743 (v.
1338 3663 1376 3745 1),
1393 3662 1496 3743 signi·

378 3770 476 3836 ficare
515 3771 619 3856 patet.
673 3768 723 3834 lla
760 3769 861 3851 igitur
891 3768 967 3854 ipsa
997 3771 1077 3834 ante
1108 3768 1220 3834 oculos
1250 3770 1429 3853 ponuntur,
1459 3770 1501 3832 ut

378 3877 498 3943 melius
522 3875 723 3959 cogitatione
748 3878 880 3962 satyros
904 3875 1001 3960 quasi
1024 3876 1059 3940 in
1081 3874 1122 3940 iis
1145 3877 1323 3941 versantes
1347 3895 1500 3960 compre-

468 4074 486 4141 ¹)
507 4072 561 4126 Cir.
580 4072 624 4128 W.
643 4070 938 4140 Wackernagel
958 4069 1077 4139 {Poetih
1096 4069 1243 4135 Rhetorik,
1258 4069 1400 4124 Stilistik³
1418 4068 1498 4123 Helle

379 4159 450 4213 1906
467 4176 513 4229 pg.
526 4159 600 4229 clar:
625 4160 724 4214 Dieser
742 4159 804 4213 'leil
827 4158 894 4212 mult
914 4160 997 4212 unter
1015 4158 1053 4213 all
1072 4158 1127 4212 den
1144 4157 1347 4223 Einzelheiten,
1375 4157 1418 4211 die
1437 4157 1499 4211 sich

378 4263 415 4300 an
434 4247 496 4301 dem
516 4247 633 4301 Gannen
652 4246 869 4302 unterseheiden
887 4248 990 4312 lessen,
1012 4247 1062 4300 der
1080 4246 1242 4315 wichtigste
1254 4246 1311 4300 und
1324 4245 1499 4317 heuptsich-

378 4334 481 4388 lichste
500 4335 569 4399 sein,
588 4335 654 4389 muli
674 4335 779 4390 Wesen
797 4336 854 4390 und
874 4335 974 4390 Zweclr
994 4336 1043 4390 des
1061 4335 1177 4390 Ganzen
1197 4352 1229 4389 so
1248 4335 1328 4389 recht
1346 4334 1502 4404 cigentlich

377 4420 637 4478 charakterisieren.
