3600 5334
750 617 1032 703 ..7.-Ι

287 792 408 859 ductus
424 791 671 879 synecdochem
687 791 848 875 agnoscit,
867 792 1057 876 ubicunque
1075 812 1117 858 ex
1132 789 1410 877 praecedentibus

288 899 466 985 sequentia
488 898 760 980 intelleguntur)

380 1005 431 1070 Ex
453 1006 494 1071 iis
510 1006 619 1088 igitur,
645 1025 731 1091 quae
749 1005 973 1090 exposuimus,
998 1003 1108 1070 elucet
1122 1005 1412 1086 grammaticorum

289 1111 329 1178 de
353 1110 564 1199 synecdoche
588 1111 774 1177 sententias
798 1111 897 1176 nimis
914 1109 1072 1177 confusas
1088 1132 1171 1177 esse.
1210 1110 1311 1176 Cuius
1326 1112 1412 1196 tropi

286 1220 356 1285 vim
379 1221 419 1284 ut
441 1218 560 1284 melius
584 1238 831 1302 cognoscamus
857 1218 1000 1284 eandem
1022 1218 1114 1284 viam
1134 1239 1173 1284 ac
1189 1217 1381 1284 Lindsko
1389 1239 1411 1301 g

286 1327 444 1410 ingressi,
477 1348 544 1412 qua
572 1327 703 1392 ratione
726 1326 781 1391 ille
805 1347 880 1392 cum
905 1326 1112 1413 metonymia
1135 1328 1312 1408 congruat,
1344 1346 1411 1411 qua

287 1433 459 1520 discrepet,
484 1435 677 1500 summatim
702 1453 911 1518 quaeramus.

375 1543 424 1606 Ac
446 1542 589 1628 primum
613 1538 747 1626 quidem
770 1543 898 1625 poetae,
924 1559 1000 1604 oum
1015 1538 1089 1604 illos
1105 1541 1219 1624 tropos
1235 1541 1409 1624 usurpant,

286 1647 432 1732 quodam
463 1647 600 1713 consilio
636 1646 712 1712 duci
743 1645 859 1712 elucet
914 1645 1042 1710 Volunt
1072 1645 1160 1710 enim
1192 1644 1339 1727 efficere,
1372 1647 1411 1710 ut

287 1752 411 1839 aliquid
428 1755 579 1819 oratione
595 1753 702 1834 magis
719 1753 883 1817 efferatur.
920 1751 1008 1816 ldem
1024 1753 1148 1834 eutem,
1165 1751 1223 1816 uhi
1238 1751 1411 1817 incitatius

286 1858 456 1942 feruntur,
480 1879 549 1924 non
572 1862 698 1924 temere
722 1878 762 1924 ac
784 1857 922 1924 fortuito
945 1857 1056 1923 verbis
1080 1859 1240 1938 utuntur,
1265 1856 1323 1922 sed
1346 1856 1411 1923 hac

287 1966 416 2031 ratione
447 1986 489 2030 ea
512 1963 656 2048 eligunt,
689 1968 729 2031 ut
752 1985 793 2030 ex
816 1964 868 2030 his
892 1963 1048 2030 facillime
1072 1985 1167 2030 mens
1190 1963 1332 2047 legentis
1355 1962 1411 2030 vel

287 2071 455 2137 audientis
488 2072 530 2137 ad
562 2092 621 2137 eas
644 2092 697 2136 res
720 2071 934 2153 traducatur,
971 2092 1057 2157 quae
1081 2071 1145 2137 illis
1169 2071 1410 2155 significantur.

287 2178 313 2243 ll
345 2179 466 2266 quihus
497 2182 637 2266 apparet
660 2183 694 2245 et
717 2179 857 2245 verbum
880 2179 1065 2265 proprium,
1099 2179 1188 2265 quod
1211 2178 1410 2244 nominatim

287 2285 434 2370 effertur,
465 2289 500 2352 et
521 2285 661 2352 verbum
684 2286 904 2369 translatum,
938 2287 1024 2372 quod
1049 2287 1231 2369 cogitatur,
1263 2287 1350 2352 inter
1373 2306 1409 2350 se

287 2392 430 2478 quodam
475 2393 659 2460 vicinitatis
696 2392 829 2459 vinculo
869 2413 998 2459 conexa
1036 2413 1119 2457 esse.
1180 2392 1410 2458 Nanciscimur

287 2502 401 2566 autem
425 2500 670 2587 synecdochem
693 2502 728 2566 et
750 2500 1000 2587 metonymiam,
1025 2499 1226 2584 ubicumque
1250 2518 1303 2563 res
1319 2518 1409 2563 com-

286 2607 453 2673 munitate
477 2607 623 2693 quadam
646 2607 733 2672 inter
755 2627 792 2672 se
816 2607 1004 2672 cohaerent.
1080 2601 1083 2605 ’
1420 2622 1422 2625 ’

376 2729 443 2795 Sed
465 2728 523 2795 ille
545 2730 721 2816 praecipue
744 2731 779 2793 in
802 2730 982 2816 partitione
998 2730 1110 2814 posita
1125 2731 1186 2794 est.
1223 2727 1261 2792 Id
1276 2727 1409 2813 quidem

288 2856 330 2899 ex
353 2837 416 2901 hoo
439 2835 601 2921 exemplo,
626 2834 715 2920 quod
738 2857 755 2901 e
778 2834 932 2901 Martiale
955 2834 1161 2921 proferimus,
1185 2838 1337 2920 apparet:

384 2943 542 3009 Protinus
565 2943 651 3008 hunc
667 2943 797 3025 primae
820 2964 954 3025 quaeres
977 2944 1013 3009 in
1036 2943 1146 3008 limine
1176 2943 1319 3025 [lacteat

376 3046 474 3112 Initio
518 3047 606 3113 enim
648 3048 771 3113 nostris
811 3048 931 3114 animis
965 3048 1049 3114 nihil
1082 3047 1174 3114 aliud
1212 3048 1410 3116 observatur

286 3154 352 3220 nisi
373 3154 491 3239 limen3
516 3154 634 3220 deinde
657 3154 784 3220 indoles
808 3153 974 3241 quaedam
997 3157 1102 3222 menti
1120 3155 1290 3223 humanae
1306 3155 1410 3222 insita

288 3264 322 3328 et
344 3262 464 3328 innata
487 3263 590 3347 atque
614 3281 764 3346 eaquae
789 3263 939 3348 sequitur
963 3263 1145 3329 sententia:

449 3370 534 3450 Quos
557 3369 662 3436 tenuit
683 3369 845 3454 Daphnis,
869 3390 958 3436 nuuc
980 3377 1064 3436 tenet
1085 3372 1137 3437 illc
1159 3373 1243 3437 iores

286 3496 347 3541 nos
379 3476 568 3556 adducunt,
599 3477 639 3541 ut
667 3475 787 3541 animis
810 3479 919 3542 totam
945 3475 1077 3542 domum
1102 3476 1327 3562 concipientes
1349 3497 1408 3563 pro
1517 3477 1520 3482 ’

287 3604 327 3648 ea
367 3583 468 3648 limen
514 3587 648 3649 exstare
683 3583 928 3667 intellegamus.
985 3583 1067 3648 Pars
1101 3584 1202 3665 igitur
1239 3582 1302 3648 hoo
1336 3582 1407 3648 loeo

285 3689 396 3774 posita
427 3693 480 3756 est
510 3711 567 3776 pro
598 3694 680 3756 toto.
734 3691 845 3778 Atque
877 3695 916 3756 ut
946 3690 993 3755 ibi
1022 3689 1080 3755 illa
1111 3689 1236 3754 eminet
1266 3710 1307 3754 ex
1340 3709 1409 3753 una

287 3795 469 3880 eademque
486 3817 530 3879 re,
553 3797 603 3861 ita
619 3819 637 3861 e
654 3796 768 3863 multis
784 3798 871 3864 inter
887 3819 924 3869 se
941 3796 1081 3862 diversis
1097 3796 1197 3861 rebus
1213 3796 1408 3881 saepissime

286 3899 425 3966 effertur
448 3905 539 3967 certa
561 3923 680 3967 norma
694 3903 787 3988 adeo,
812 3908 851 3969 ut
866 3925 976 3969 rerum
991 3923 1082 3968 nexu
1097 3901 1262 3987 paulatim
1278 3901 1407 3985 cognito

287 4005 329 4070 ad
369 4006 436 4071 vim
473 4010 507 4072 et
541 4008 714 4072 circuitum
747 4008 880 4074 illarum
915 4031 1016 4095 quam
1051 4009 1195 4074 maxime
1229 4009 1406 4096 pertineat,

375 4256 393 4325 1)
413 4257 468 4310 Ch.
488 4256 650 4322 Gerbor,
677 4256 730 4311 Die
749 4257 875 4327 Sprache
893 4257 935 4312 als
956 4257 1068 4312 Κιιιιει2
1088 4257 1192 4328 (Berlin
1213 4256 1290 4327 1884)
1311 4258 1366 4313 vol.
1381 4258 1408 4311 ΙΙ

185 4333 187 4337 ¹
287 4360 333 4416 pg.
346 4343 394 4410 62;
413 4360 479 4399 nam
497 4344 670 4416 praecedens
689 4345 784 4416 eliqua
803 4350 937 4416 exparte
957 4362 1045 4401 eausa
1063 4345 1208 4417 sequentis
1228 4349 1280 4403 est.

374 4435 395 4504 ι)
415 4434 452 4489 ιιι
471 4435 533 4499 ae.
