3600 5334
751 600 973 666 ...33-

775 795 865 897 cap.
896 796 948 877 ΙΙΙ.

830 939 848 1021 s
867 938 894 1002 1.

389 1061 573 1148 Postquam
605 1061 773 1147 superiore
805 1063 915 1148 capite
939 1059 1092 1146 diximus,
1125 1063 1160 1128 in
1191 1082 1276 1147 quas
1307 1068 1421 1149 partes

298 1167 545 1255 synecdochem
570 1167 672 1236 dividi
692 1168 845 1253 volimus,
869 1168 938 1234 iam
961 1189 1048 1254 quae
1072 1169 1192 1256 cuique
1215 1190 1330 1235 earum
1353 1170 1422 1235 sint

298 1274 543 1360 subiungenda,
577 1295 664 1361 quae
688 1294 766 1358 non,
798 1277 914 1361 paucis
946 1295 1161 1362 exponamus.
1208 1276 1256 1342 Ac
1278 1276 1420 1363 primum

298 1381 434 1468 quidem
461 1381 664 1449 monendum
687 1381 819 1448 videtur
850 1402 924 1447 esse
956 1380 1000 1447 ad
1022 1380 1170 1466 linguam
1204 1382 1421 1450 excolendam

299 1490 339 1553 ut
361 1489 592 1575 metaphoram
615 1492 650 1555 et
672 1488 915 1575 metonymiam
931 1488 980 1552 lta
996 1487 1241 1576 synecdocham
1255 1491 1420 1575 pertinere

296 1615 339 1661 ac
369 1596 503 1661 maioris
534 1595 695 1661 momenti
727 1615 801 1659 esse
836 1592 1007 1658 doctorum
1038 1594 1203 1680 opinione.
1255 1593 1349 1675 Quod
1381 1598 1421 1661 ut

297 1702 443 1785 evincat,
470 1699 632 1767 Gerber
654 1721 777 1766 nomen
801 1700 966 1786 serpentis
991 1699 1124 1782 affert.¹)
1170 1699 1257 1765 Nam
1281 1704 1421 1786 apparet

297 1808 361 1875 hoc
376 1808 480 1873 verbo
497 1828 604 1889 genus
627 1806 822 1872 animalium
845 1806 1050 1892 serpentium
1066 1807 1170 1894 primo
1192 1806 1420 1890 significatum

298 1934 382 1995 esse,
414 1915 487 1978 tum
522 1914 666 2000 speciem
700 1910 878 1999 quandam.
926 1912 1019 1994 Quod
1054 1914 1249 2000 saepissime
1283 1912 1418 1980 accidit:

298 2019 509 2103 vocabulum,
527 2020 615 2107 quod
631 2020 735 2107 primo
750 2019 853 2086 latius
869 2023 975 2107 patet,
993 2026 1111 2108 postea
1123 2020 1217 2088 valet
1232 2022 1418 2105 angustius.

298 2127 352 2193 Sic
375 2126 464 2214 apud
481 2126 666 2195 Martialem
687 2129 839 2194 exstant:
863 2129 1003 2197 cotrarii
1024 2131 1089 2197 olai
1111 2152 1209 2213 mcum
1232 2133 1285 2211 (sc.
1301 2134 1418 2217 copam)

287 2236 363 2320 pila
380 2237 493 2320 primo
514 2257 607 2302 suom
630 2235 777 2318 1143,6;
807 2235 827 2301 i.
852 2256 879 2301 e.
904 2235 1119 2302 simulacrum
1142 2236 1417 2320 stramenticium,

298 2361 362 2426 quo
386 2342 422 2407 in
444 2342 572 2408 harena
593 2342 683 2408 tauri
705 2342 933 2425 lacessuntur,
965 2343 1112 2428 itemque
1141 2344 1301 2429 scriptum
1325 2342 1417 2408 vide·

297 2468 388 2513 mus:
418 2449 575 2533 fornicem
597 2451 696 2519 cludit
718 2447 880 2532 X161,4;
908 2449 1023 2533 forms
1046 2449 1160 2514 autem
1183 2448 1247 2514 hoc
1269 2446 1342 2513 loco
1364 2449 1417 2512 in·

296 2552 465 2637 'collegitur
487 2558 523 2621 et
544 2575 668 2621 nomen
684 2555 776 2622 ducit
799 2575 817 2620 e
841 2554 925 2620 cella
948 2558 1127 2638 camerata,
1150 2553 1185 2619 in
1201 2574 1269 2640 qua
1283 2558 1416 2638 prosta-

296 2659 380 2727 bant
403 2662 600 2728 meretrices.
636 2660 755 2742 Qualia
779 2660 941 2746 exempla,
967 2681 1108 2747 quorum
1130 2660 1239 2726 multa
1253 2659 1288 2724 in
1311 2681 1416 2725 unum

291 2767 447 2850 colligere
470 2787 659 2853 possumus,
692 2765 863 2849 adicimus,
898 2764 986 2850 quod
1017 2786 1059 2831 ea
1082 2768 1162 2831 sunt
1184 2764 1415 2852 synecdochae

295 2876 391 2958 tropo
414 2873 601 2958 propinqua
624 2874 659 2938 et
680 2871 834 2936 finitima.

385 2977 436 3042 Ex
458 2977 499 3042 iis
523 2980 638 3042 autem
671 2975 780 3043 clucet
811 2998 886 3043 esse
910 2976 1085 3064 vocabula,
1118 2978 1249 3065 quibus,
1282 2980 1415 3045 cumin

294 3082 455 3150 cotidiani
479 3083 641 3148 sermonis
665 3104 762 3148 usum
787 3083 978 3166 cessissent,
1003 3086 1110 3170 spatio
1133 3087 1291 3174 temporis
1313 3086 1415 3153 iuter·

291 3191 396 3257 misso
420 3190 488 3256 alia
511 3211 551 3256 ac
574 3189 750 3273 singularis
767 3189 934 3277 quaedam
956 3191 1049 3257 notio
1073 3192 1234 3258 subicitur
1257 3215 1278 3259 a
1297 3194 1414 3279 paucis

294 3297 494 3364 hominibus.
533 3296 607 3378 Qua
628 3297 759 3363 ratione
783 3297 996 3380 intellegitur,
1021 3296 1186 3385 quomodo
1209 3299 1283 3365 fieri
1297 3301 1413 3386 possit,

295 3407 333 3470 ut
368 3403 536 3471 adiectiva
569 3404 638 3470 vim
673 3405 963 3472 substantivorum
997 3404 1171 3491 accipiant.
1233 3405 1286 3471 Sic
1324 3406 1414 3492 apud

293 3509 480 3578 Martialem
504 3513 645 3598 capillati
668 3515 748 3578 sunt
763 3513 903 3579 iuvenes
927 3511 1056 3579 nobiles
1073 3511 1113 3594 (X
1125 3513 1178 3595 62,
1193 3513 1239 3595 2);
1260 3520 1414 3597 quattuor

293 3617 442 3703 inscripti
474 3621 555 3684 sunt
586 3620 674 3685 servi
705 3622 797 3700 (VIII
810 3620 861 3703 75,
876 3621 924 3702 9);
963 3622 1036 3686 turn
1067 3621 1207 3688 exoletus
1237 3619 1413 3685 moechum

288 3713 450 3807 ‘designat
473 3726 615 3809 (XH91,
629 3726 676 3809 2);
701 3729 862 3812 prasinus
893 3729 954 3792 aut
976 3734 1106 3794 venetus
1137 3725 1286 3809 aurigam
1311 3725 1412 3791 elter-

292 3832 400 3896 utrius
416 3831 571 3897 factionis
588 3832 766 3916 <X1V1313
783 3835 937 3916 V146,1;
953 3834 1119 3916 X48,23).
1154 3830 1270 3898 Addas
1287 3853 1412 3918 quaeso

292 3934 392 4002 haec:
414 3941 565 4022 flammea
579 3940 631 4005 XI
643 3938 747 4022 78‚3;
770 3940 880 4008 cirilla
900 3939 1067 4023 X129,1;
1085 3940 1264 4025 pupillares
1285 3941 1368 4008 XIV
1380 3940 1410 4024 3,

293 4042 379 4126 5,7;
419 4067 526 4112 cereus
556 4045 704 4128 x87,5;
742 4047 895 4129 XIV423
938 4047 1050 4114 Tuscis
1078 4045 1227 4127 risibilius
1257 4047 1412 4129 XIV98;

292 4150 387 4234 Vos,
402 4152 438 4234 43
469 4152 585 4236 desim,
618 4155 647 4220 sc'
671 4155 780 4238 pudor
810 4160 864 4237 est,
896 4153 1048 4221 miseram
1078 4156 1245 4221 traducere
1267 4156 1413 4222 ‘calcum'

382 4416 400 4482 ¹)
420 4416 553 4472 Gerber
571 4417 595 4470 1²
613 4418 630 4472 l.
644 4434 666 4472 s.
680 4434 702 4474 s.
721 4436 766 4489 pg.
779 4418 839 4473 339.

1218 4507 1251 4563 3»
