3600 5334
762 621 970 698 .-3-

229 879 231 883 ¹
305 799 501 884 propinquis
523 806 553 865 et
575 800 726 882 finitimis
750 799 851 865 trehit
874 800 1059 875 orutioueur,
1085 821 1150 882 quo
1167 801 1270 883 possit
1292 800 1433 884 iutetteoi

309 929 369 990 res,
389 928 470 988 quoe
490 927 556 971 nou
576 927 634 973 suo
653 905 800 974 ooeoouo
820 906 862 972 sit
881 909 1046 990 oppenere.
1084 905 1128 972 Id
1148 912 1206 973 uut
1225 902 1301 993 (ub)
1320 908 1432 972 iueeu·

312 1009 413 1100 tor<e>
429 1012 595 1094 eoufieitur
611 1062 618 1077 .
635 1066 641 1078 .
659 1065 665 1079 .
683 1018 741 1079 out
756 1014 895 1094 inuento,
918 1018 955 1080 ut
970 1014 999 1080 si
1014 1014 1087 1094 quis
1096 1035 1159 1097 pro
1174 1013 1292 1079 Libero
1309 1015 1431 1097 uiuum,

305 1142 369 1203 roro
401 1119 511 1186 Cerere
537 1121 667 1205 fruoeru
695 1121 836 1204 uppem,
865 1125 924 1186 out
950 1120 1164 1187 instrumento
1191 1121 1355 1187 domiuum
1376 1172 1382 1185 .
1400 1171 1430 1185 ..

311 1233 370 1294 out
391 1228 434 1303 id,
464 1228 547 1309 quod
568 1225 613 1310 fit,
638 1226 676 1292 ob
700 1247 743 1309 eo,
767 1228 824 1307 qui
845 1227 927 1310 furit
948 1263 993 1273 —
1016 1233 1075 1293 out
1101 1228 1140 1309 si,
1169 1227 1252 1308 quod
1272 1227 1360 1310 feeit,
1392 1225 1431 1292 ub

310 1356 356 1418 eo,
380 1335 462 1417 quod
483 1333 520 1414 fit
536 1387 543 1399 .
559 1384 565 1396 .
583 1386 589 1399 .
608 1333 646 1399 ub
669 1355 713 1417 eo,
736 1333 819 1415 quod
834 1334 983 1417 eontinet,
1007 1334 1051 1417 id,
1075 1333 1158 1416 quod
1178 1335 1360 1400 continetur
1376 1382 1382 1396 .
1399 1383 1429 1399 ..

309 1441 569 1507 denominabitur
585 1494 591 1506 .
609 1492 615 1506 .
633 1488 640 1503 .
657 1440 696 1506 ab
719 1462 763 1524 eo,
784 1443 868 1521 quod
888 1442 1068 1506 eoutiuetur
1086 1435 1146 1526 (id,
1167 1440 1250 1522 quod
1265 1436 1430 1527 eontinet).

310 1547 419 1632 Atque
436 1542 546 1612 Cicero
553 1548 590 1630 ι);
610 1546 791 1628 iruuututu,
810 1546 928 1631 inquit
951 1549 1004 1625 (se.
1021 1565 1062 1610 oa
1078 1544 1170 1628 dieo),
1190 1548 1228 1612 tu
1244 1546 1359 1627 quibus
1370 1568 1431 1629 pro

308 1655 400 1720 uerbo
418 1656 550 1738 proprio
574 1653 730 1720 subicitur
753 1654 853 1725 otiud,
878 1653 963 1733 quod
985 1653 1069 1717 ideur
1090 1651 1247 1737 sinuideet
1269 1659 1430 1735 sumpturo

307 1782 349 1826 eu
371 1784 406 1826 re
430 1762 540 1842 utiquo
564 1758 774 1842 consequenti.
814 1757 906 1839 Quod
926 1778 1114 1839 ououquuni
1137 1760 1362 1834 transferendo
1384 1758 1430 1840 fit,

310 1873 417 1933 tuureu
440 1869 503 1933 otio
520 1867 610 1931 ruodo
627 1867 803 1947 troustutit,
827 1888 899 1933 euru
922 1866 1008 1931 dixit
1023 1867 1173 1932 Ennius:
1195 1868 1279 1932 eurse
1302 1871 1332 1931 et
1353 1865 1433 1956 urbe

308 1973 386 2039 orbo
408 1975 489 2040 suur'
508 1994 571 2055 pro
589 1974 713 2056 nutrio,
737 1974 800 2040 atio
816 1973 915 2055 niodo,
935 1972 1112 2039 ehorridum
1127 1971 1276 2056 Afriooru
1295 1972 1432 2040 terribdi

310 2086 441 2146 tremere
472 2081 621 2147 tumuitu’
650 2079 734 2160 (euru
764 2080 850 2162 dicit,
875 2102 939 2164 pro
966 2079 1057 2164 Afris
1083 2081 1234 2146 iruuutut
1261 2078 1430 2164 Antium).

308 2188 406 2253 Hune
436 2187 620 2270 ὑπαλλαγὴν
650 2187 798 2270 rhetores,
831 2189 910 2268 quio
938 2188 1032 2270 quusi
1061 2193 1305 2255 suiuuutuutur
1335 2186 1431 2252 verbu

302 2316 365 2376 pro
384 2294 495 2377 uerbis,
512 2296 717 2377 μετωνυμίαν
728 2295 1061 2377 orumuutioieooout,
1079 2297 1163 2376 quod
1177 2295 1312 2360 uouiuu
1324 2300 1430 2360 trous·

309 2402 472 2485 feruutur.
508 2399 599 2465 Idem
623 2399 688 2466 alio
712 2400 830 2483 Iooossu
854 2405 963 2487 uronis
985 2407 1030 2468 est
1045 2401 1157 2467 modus
1175 2402 1212 2466 iu
1228 2406 1343 2465 oruutu
1359 2421 1429 2465 oru-

311 2509 409 2574 tiouis
433 2514 462 2574 et
484 2528 575 2591 suepe
598 2510 785 2591 surueudus;
809 2531 849 2574 eu
873 2530 934 2591 quo
955 2529 1071 2594 neuere
1086 2507 1162 2574 ioueo
1185 2513 1274 2573 suut:
1288 2507 1431 2573 Mortem

308 2615 377 2682 oeno·
393 2637 457 2680 esse
471 2636 677 2695 communem,
694 2615 839 2681 Cererem
849 2637 912 2698 pro
930 2614 1089 2700 frunitus,
1101 2614 1255 2680 Liberum
1272 2617 1431 2696 uppedme

303 2742 365 2803 pro
388 2723 474 2803 oiuo,
497 2721 690 2804 Neptunum
707 2743 770 2804 pro
794 2723 888 2803 ruori,
913 2722 1039 2788 euriuru
1056 2742 1119 2804 pro
1135 2726 1259 2803 seuutu,
1282 2741 1430 2802 ouupuuo

302 2847 365 2909 pro
380 2827 524 2908 comitiis,
546 2832 651 2911 tooure
660 2848 724 2909 pro
736 2848 825 2910 poce,
846 2848 940 2893 uroru
956 2848 992 2892 uo
1008 2827 1066 2892 uu
1078 2848 1141 2910 pro
1158 2826 1238 2894 betto.
1278 2825 1429 2910 Denique

309 2930 533 3010 Quintilianus
543 2932 579 3013 ⁸):
610 2953 668 2998 neo
694 2935 816 3016 proeut,
844 2932 963 3018 inquit,
997 2933 1036 2999 ub
1066 2933 1123 3000 hoe
1154 2955 1269 3019 neuere
1299 2934 1430 3000 discedit

266 3107 276 3118 ,
307 3040 512 3122 ruetouuuoiu,
540 3059 621 3120 quoe
644 3046 690 3105 est
712 3040 854 3105 uouiuis
871 3063 934 3123 pro
961 3042 1091 3107 neruiue
1107 3042 1225 3125 positio
1253 3038 1359 3128 [suites
1381 3041 1430 3107 eis

308 3153 353 3212 est
363 3169 426 3230 pro
442 3168 485 3228 eo,
502 3149 585 3229 quod
600 3147 728 3230 dieitur,
745 3168 884 3230 euusuru,
891 3154 1026 3232 propter
1038 3170 1135 3231 quoru
1147 3148 1274 3230 dieitur,
1281 3144 1427 3234 peuere],

307 3256 369 3337 sed,
393 3260 429 3320 ut
453 3254 501 3320 ait
520 3253 636 3337 Cicero,
660 3254 851 3340 hupuituueu
866 3254 1006 3322 rhetores
1022 3255 1141 3321 diereut.
1176 3254 1266 3322 Haeo
1280 3256 1429 3321 iuoeutus

307 3362 345 3427 ub
373 3362 537 3427 iuoeutore
568 3367 598 3427 et
627 3361 782 3428 subiectus
806 3383 857 3427 res
887 3362 926 3428 ub
953 3362 1167 3428 obtinentibus
1189 3359 1359 3447 siuuiflout,
1392 3367 1429 3426 ut

305 3470 466 3536 ‘Cererem
482 3474 660 3552 corruptum
674 3469 793 3552 undis’,
810 3475 839 3535 et
854 3471 1008 3553 ereceptus
1024 3475 1112 3535 terro
1127 3468 1302 3552 Neptunus
1317 3471 1429 3535 dusses

305 3576 510 3657 uqreitouibus
522 3578 626 3641 uroet'.
650 3573 767 3660 Itaque
783 3574 818 3638 in
835 3595 895 3640 sex
907 3577 1020 3661 partos
1032 3572 1230 3657 generalitor
1242 3572 1428 3638 diviserunt

306 3680 548 3767 metonymiam
571 3681 710 3766 antiqui.
749 3681 841 3760 Quae
866 3683 990 3763 exstat,
1015 3680 1073 3746 ubi
1096 3679 1302 3761 intellegiIur
1327 3681 1354 3744 1.
1371 3699 1428 3765 per

306 3783 340 3849 id
368 3785 455 3870 quod
487 3787 677 3853 continetur
708 3786 790 3852 illud
818 3787 908 3874 quod
937 3787 1100 3870 mutinen
1136 3787 1164 3851 2.
1188 3805 1246 3871 per
1276 3784 1309 3851 id
1340 3785 1429 3871 quod

307 3891 458 3957 eontinet
480 3891 560 3958 illud
585 3892 671 3979 quod
695 3894 899 3980 continentum
922 3895 951 3959 3.
967 3914 1026 3980 per
1048 3893 1259 3958 inventorem
1281 3892 1315 3958 id
1338 3891 1428 3980 quod

306 3997 483 4064 inventum
515 4004 579 4082 osu
614 4001 643 4063 4.
667 4019 725 4085 por
752 3999 927 4066 inventum
959 4000 1189 4066 subiectumvo
1218 3999 1429 4067 inventorem

395 4265 415 4334 ¹)
435 4265 479 4320 Or.
492 4265 535 4320 27.

395 4354 415 4424 Ἃ)
436 4353 477 4408 De
497 4358 567 4410 orat.
580 4354 630 4410 VII
642 4354 687 4409 42.

395 4442 414 4511 ⁸)
433 4443 494 4498 VIII
512 4443 591 4510 6,23.
