3600 5334
764 636 989 700 ..49-

313 817 418 882 maris
447 811 507 879 VII
537 813 637 896 19,2;
668 820 738 881 tuto
760 814 872 883 lucius
894 817 998 881 otium
1021 815 1135 882 carino
1157 813 1201 879 III
1223 811 1325 898 67,9;
1354 816 1439 881 miu-

313 923 397 990 cmi
419 928 567 989 currente
589 922 699 1005 semei,
729 921 882 1005 Pauline,
915 923 1029 988 corius
1051 920 1218 1004 1117e13
1252 922 1360 1006 lopiac
1376 945 1439 1006 per

320 1029 462 1096 Tiberim
483 1029 587 1095 volem
609 1029 740 1095 comune
762 1026 808 1093 IV
831 1029 884 1111 64,
898 1028 954 1110 24;
986 1029 1158 1096 Puerime
1179 1035 1285 1095 moute
1306 1031 1439 1095 carinae

315 1133 349 1200 X
372 1134 425 1217 85,
442 1134 477 1216 13
499 1157 606 1202 mersa
628 1136 743 1201 corius
766 1133 797 1200 X
820 1134 918 1217 85,8;
936 1137 1066 1220 primae
1087 1138 1237 1204 domium
1258 1137 1335 1204 iesu
1356 1137 1440 1203 cori·

314 1264 380 1309 mae
418 1240 464 1306 XI
501 1242 624 1325 1,12.1)
644 1278 690 1289 —
708 1239 829 1307 Rarius
865 1246 980 1308 autem
1014 1262 1073 1328 pro
1108 1262 1198 1308 neve
1234 1263 1255 1308 e
1286 1240 1439 1308 Martiale

317 1349 397 1435 poni
421 1351 560 1434 puppim
588 1348 748 1434 reperias:
778 1351 848 1433 ocis,
879 1356 975 1432 picoto
1006 1352 1045 1416 de
1066 1350 1188 1436 Libyco
1210 1351 1301 1417 litore
1320 1352 1440 1435 puppis

316 1462 369 1522 eui
391 1452 438 1520 IX
459 1454 513 1540 35,
526 1455 560 1538 83
592 1458 650 1539 qui
679 1458 763 1523 uuo
792 1456 868 1522 himo
895 1477 1019 1540 puppes
1040 1455 1211 1540 flumiuis,
1240 1457 1316 1523 moe
1337 1458 1441 1524 merie

317 1561 396 1643 (scil.
430 1567 593 1647 spectator)
629 1560 660 1627 X
690 1561 814 1645 51,10;
848 1564 1014 1629 emeritam
1042 1564 1182 1648 puppim
1214 1560 1245 1626 X
1279 1562 1333 1645 85,
1346 1563 1375 1630 5.
1395 1600 1441 1611 —

318 1667 395 1734 Alie
424 1689 494 1751 res,
530 1689 598 1754 que
627 1667 780 1734 homines
811 1666 997 1750 vehuntur,
1032 1688 1090 1754 per
1117 1671 1247 1754 partem
1270 1667 1440 1753 quendam

316 1773 543 1859 intellegenda
566 1778 619 1841 est
642 1795 809 1841 currus:
831 1776 1040 1858 Sarmutuu')
1063 1775 1169 1862 cipido
1191 1776 1274 1842 ludit
1292 1777 1330 1842 iu
1345 1797 1441 1843 emme

317 1890 390 1949 retu
413 1882 473 1948 VII
495 1882 549 1964 80,
562 1883 597 1965 83
619 1884 709 1952 iiiuc
731 1889 761 1950 ie
782 1890 854 1951 roto
878 1884 960 1950 toliei
982 1881 1013 1947 X
1038 1882 1111 1968 104,
1124 1882 1183 1966 bf)

409 2007 521 2094 Atque
544 2006 647 2072 etiem
671 2027 731 2072 eae
754 2027 821 2091 res,
853 2027 940 2093 quae
962 2007 998 2072 in
1022 2006 1119 2073 domo
1142 2009 1236 2094 suni,
1260 2008 1295 2073 in
1319 2027 1441 2094 synec-

318 2112 446 2180 dochae
481 2113 590 2180 iorma
622 2117 802 2199 ponuntur.
863 2117 969 2181 Porus
1002 2114 1091 2180 enim
1126 2118 1161 2181 et
1194 2118 1317 2201 epoudo
1353 2113 1442 2180 idem

322 2219 438 2286 velent
460 2240 500 2285 ec
522 2220 664 2287 ‘lectus’t
687 2243 745 2289 mec
763 2222 895 2290 Oiicum
914 2225 1040 2307 §permis
1058 2224 1342 2308 Cappadocumque
1358 2229 1442 2290 iores

319 2325 380 2392 VH
402 2328 455 2411 30,
467 2327 501 2411 23
523 2329 633 2412 furius
650 2350 777 2415 puppro
799 2332 878 2395 ium
893 2329 952 2395 tibi
967 2335 1057 2395 imus
1071 2331 1180 2395 crescii
1195 2327 1270 2393 VIII
1293 2328 1440 2412 44,14;)

318 2439 420 2504 omui
442 2436 555 2502 blumio
577 2436 679 2503 mollis
701 2456 810 2502 amore
829 2442 918 2503 torus
932 2433 1008 2499 VIII
1030 2435 1083 2519 77,
1096 2435 1131 2517 63
1153 2441 1255 2519 crepet
1270 2437 1307 2502 iu
1322 2436 1443 2502 uostris

321 2565 422 2610 sumu
455 2546 565 2611 iommu
596 2545 674 2610 ioris
704 2541 749 2606 IX
773 2541 826 2623 22,
840 2541 873 2624 6;
908 2563 975 2609 mou
1005 2544 1092 2608 oemii
1121 2543 1165 2608 od
1194 2542 1291 2609 duros
1316 2543 1442 2626 pallido

321 2671 400 2716 meru
435 2656 519 2716 imos
552 2647 630 2714 XIV
655 2649 728 2731 162,
741 2647 776 2730 2;
810 2650 892 2715 iacet
926 2651 962 2716 im
992 2651 1095 2715 medio
1125 2650 1209 2715 sicca
1233 2649 1342 2733 puelia
1373 2656 1441 2715 toro

320 2754 367 2820 XI
390 2756 442 2839 81,
456 2756 485 2823 2.

412 2861 608 2928 Afferentur
639 2861 706 2928 elie
729 2859 891 2946 exempla,
920 2860 979 2925 ubi
1007 2859 1124 2926 eedem
1154 2880 1222 2927 vox
1251 2860 1356 2946 primo
1383 2880 1442 2947 per

320 2967 575 3055 synecdochem,
613 2972 687 3035 tum
721 2989 780 3055 per
813 2966 1055 3055 metonymiam
1064 2970 1086 3050 5)
1121 2966 1337 3051 intellegitur:
1375 2991 1442 3035 uem

413 3219 432 3288 1)
452 3218 506 3273 cfr.
526 3218 839 3273 Friedleenderi
857 3218 886 3271 In
905 3217 981 3272 hune
1000 3218 1092 3272 locum
1111 3219 1335 3274 commentarios.

411 3307 431 3377 α)
451 3308 507 3363 Cir.
527 3307 840 3362 I'riedleenderi
858 3308 886 3360 in
907 3307 983 3362 hunc
1001 3306 1095 3362 locum
1114 3307 1340 3362 commentarios.

412 3397 431 3465 θ)
444 3396 621 3451 Adnotemus
634 3396 718 3451 hese:
733 3438 739 3450 .
754 3437 759 3450 .
774 3438 780 3451 .
795 3396 898 3467 placidi
916 3396 1052 3466 mmuquid
1070 3400 1096 3450 te
1106 3396 1193 3466 pipre
1202 3396 1444 3468 Bootoeplauctra

321 3486 428 3550 sciunt,
456 3488 526 3543 lecto
552 3485 622 3556 prud
645 3486 729 3542 mimis
754 3503 805 3541 ome
829 3485 925 3541 umis?
943 3485 1006 3539 VIII
1017 3484 1088 3550 21‚3
1107 3488 1138 3539 et
1154 3485 1180 3550 4,
1208 3485 1257 3540 ubi
1284 3486 1345 3540 exis
1369 3486 1443 3540 idem

323 3573 401 3628 velet
413 3590 447 3628 ec
459 3592 564 3640 currus,
579 3575 603 3628 si
617 3575 730 3645 quidem
742 3591 805 3629 cum
823 3574 913 3629 Gilb
924 3578 1008 3629 erto
1028 3579 1057 3628 et
1075 3574 1145 3627 Lin
1156 3573 1173 3626 d
1185 3590 1199 3627 s
1209 3590 1227 3628 e
1236 3574 1272 3627 io
1292 3574 1444 3629 lectionem

320 3661 469 3715 codicis'I
494 3662 643 3733 sequimur,
671 3679 734 3717 cum
761 3662 790 3716 in
819 3663 919 3716 ceteris
948 3665 1042 3717 exstet
1067 3661 1138 3731 ipme
1180 3660 1262 3726 Quod
1285 3662 1381 3715 nescio
1406 3678 1443 3715 en

324 3746 453 3801 meIImus
478 3749 839 3804 Friedleendsrum
863 3751 953 3805 secuti
978 3748 1068 3813 scribi,
1097 3764 1160 3803 cum
1187 3748 1260 3801 illius
1287 3748 1443 3804 auctoritas

320 3833 437 3904 saepius
455 3851 513 3889 non
531 3835 652 3890 multum
669 3837 772 3902 valeat,
792 3838 918 3907 inprimis
936 3839 982 3893 ubi
1001 3853 1058 3891 non
1077 3836 1220 3890 consentit
1238 3851 1301 3889 cum
1320 3836 1443 3906 reliquIs.

413 3922 434 3993 4)
453 3924 473 3980 1.
487 3939 511 3978 e.
527 3922 618 3977 lectus
630 3922 767 3990 funebris;
788 3924 838 3979 cir.
851 3926 941 3980 Prie
952 3926 1066 3979 dleen
1077 3922 1161 3978 deri
1173 3924 1443 3993 interpretationem.

413 4012 433 4082 ὃ)
451 4013 505 4068 Per
517 4012 721 4081 metonymiam
732 4012 922 4082 intellegimus
935 4013 1022 4068 haec:
1042 4029 1109 4082 quoe
1126 4011 1189 4067 sciet
1200 4012 1247 4066 ios
1257 4011 1318 4068 illoc
1334 4013 1445 4068 umdere

322 4102 386 4158 lma
403 4105 496 4159 toros?
514 4101 553 4157 IX
569 4099 735 4168 29‚10‚i.e.
755 4101 808 4155 hes
826 4100 888 4156 illes
907 4101 1027 4172 puellam
1054 4117 1120 4155 nem
1144 4100 1190 4155 hic
1207 4099 1270 4167 ‘rcs,
1290 4117 1363 4173 ques
1381 4117 1444 4155 sen·

324 4191 402 4246 sibus
421 4192 579 4264 percipitur,
604 4190 745 4245 homiuem
768 4188 922 4257 significet’
941 4189 1000 4260 (cfr.
1014 4190 1055 4244 Li
1066 4190 1192 4245 ndsko
1202 4206 1221 4260 g
1239 4206 1285 4262 pg.
1298 4190 1350 4255 54).
1387 4190 1444 4246 Sub

324 4282 445 4335 eandem
463 4282 602 4337 rationem
621 4278 705 4345 cedit,
731 4279 779 4333 ubi
797 4283 873 4335 torus
891 4283 935 4334 est
953 4279 1028 4333 idem
1045 4283 1133 4351 etque
1156 4296 1235 4335 emor
1256 4280 1301 4335 vel
1320 4295 1444 4336 emeres:

319 4370 427 4438 primu
443 4388 526 4442 poem
544 4375 619 4425 toros
636 4367 673 4422 IV
685 4367 754 4434 22,1
783 4366 842 4436 icit.
860 4369 1014 4438 Fenger
1032 4369 1050 4424 l.
1064 4385 1085 4423 s.
1099 4385 1120 4424 s.
1139 4385 1184 4440 pg.
1197 4370 1255 4436 35);
1279 4369 1383 4441 primis
1396 4411 1402 4424 .
1416 4411 1446 4425 ..

317 4458 407 4514 mure
425 4461 494 4516 toric
512 4459 564 4514 VII
582 4458 626 4524 74,
638 4458 667 4525 8;
694 4459 750 4515 tori
771 4473 826 4512 mou
850 4458 927 4514 uritis
944 4457 970 4512 X
988 4458 1071 4522 71,5;
1097 4474 1163 4512 nem
1181 4457 1367 4529 ‘metonymia
1383 4474 1445 4513 ver·

1251 4545 1285 4600 4}
