3600 5334
853 638 1055 700 ,4-

393 815 679 899 dominantemve;
704 814 734 880 5.
754 834 813 900 per
835 813 1039 881 efficientem
1062 812 1096 878 id
1120 811 1208 899 quod
1233 812 1390 897 efficitur3
1414 816 1443 880 6.
1459 837 1520 902 per

393 920 428 987 id
452 921 540 1008 quod
563 920 709 987 efficitur
731 919 812 986 illud
836 918 925 1006 quod
949 919 1088 1003 efficite)

485 1027 612 1108 Quibus
644 1048 687 1093 ex
717 1029 872 1093 veterum
903 1026 1080 1093 sententiis
1111 1026 1353 1113 metonymiam
1384 1031 1518 1094 exstare

395 1136 600 1200 censuerunt
635 1133 722 1199 docti
756 1133 948 1199 recentioris
983 1132 1106 1200 aetatis
1141 1133 1330 1218 ubicunque
1366 1136 1426 1199 aut
1459 1155 1518 1221 pro

396 1240 527 1306 effectis
548 1238 731 1306 efficientia
751 1240 905 1325 ponimus
929 1242 991 1305 aut
1013 1242 1129 1305 eontra
1152 1260 1228 1305 oum
1251 1238 1294 1305 ab
1317 1239 1370 1305 his
1393 1239 1437 1306 ad
1459 1239 1520 1306 illa
1656 1297 1659 1303 ,

395 1344 658 1429 transgredimur
678 1345 906 1431 effectumque
928 1366 1050 1412 causae
1073 1346 1145 1411 vice
1161 1345 1404 1411 substituimus.
1434 1340 1519 1427 'Qua

397 1475 439 1519 ex
461 1453 591 1519 ratione
619 1473 661 1518 ea
684 1453 797 1517 omnia
827 1450 870 1518 ad
900 1452 990 1518 huno
1020 1454 1153 1537 tropum
1182 1450 1297 1518 referri
1324 1472 1393 1517 non
1419 1474 1520 1539 posse

395 1558 488 1626 haud
499 1558 690 1642 negandum
703 1561 764 1642 est,
782 1559 840 1624 ubi
854 1579 913 1645 pro
926 1557 1127 1642 hominibus,
1141 1559 1198 1644 qui
1209 1558 1338 1624 flumen
1350 1558 1519 1643 quoddam
1653 1566 1656 1572 “

397 1664 561 1749 accolunt,
593 1664 628 1730 id
654 1664 765 1751 ipsum
787 1664 990 1747 nominatur,
1022 1665 1117 1731 velut
1147 1687 1169 1730 a
1191 1664 1399 1730 Martiale
1422 1664 1520 1730 Nilus

397 1772 540 1837 sumitur
562 1792 620 1857 pro
644 1771 880 1837 Alexandrinis
902 1769 956 1838 vel
971 1771 1145 1859 Aegyptiis
1160 1771 1205 1836 III
1221 1772 1274 1853 63,
1288 1772 1322 1855 53
1344 1771 1422 1837 XIV
1441 1772 1518 1856 1153

396 1878 536 1944 Rhenus
556 1898 615 1964 pro
632 1876 763 1943 Chattis
784 1877 840 1943 vel
856 1875 1158 1962 GermanisM2‚3;
1179 1877 1315 1964 V37‚8;
1336 1877 1521 1962 VIH11‚1;

396 1984 442 2048 IX
464 1984 541 2069 1,3;
564 1985 643 2067 o,1;
675 1983 790 2049 Hister
816 2005 875 2071 pro
908 1985 1071 2050 Sarmatis
1093 1984 1169 2050 VIII
1193 1986 1223 2068 2,
1237 1986 1268 2053 2.
1314 1985 1386 2066 Quo
1418 1985 1516 2051 modo

398 2111 474 2156 cum
497 2090 704 2177 metonymia
727 2090 904 2173 angustius
928 2093 1055 2177 pateat,
1087 2094 1245 2158 naturam
1268 2093 1340 2158 eius
1362 2091 1521 2157 Linds·

395 2197 602 2280 kogiumq
631 2196 736 2262 secuti
760 2198 949 2264 accuratius
974 2196 1175 2265 definiamus
1199 2219 1336 2264 necesse
1365 2201 1424 2264 est
1470 2197 1521 2262 Ex

397 2303 439 2368 iis
470 2306 594 2386 autem,
630 2324 716 2389 quae
752 2301 795 2369 ad
827 2303 928 2370 huius
962 2305 1049 2390 tropi
1080 2305 1169 2391 apud
1199 2304 1387 2371 Martialem
1421 2326 1521 2371 usum
1649 2386 1653 2389 ι

397 2407 633 2475 illustrandum
654 2409 692 2475 R.
708 2409 905 2494 reegero
931 2411 1099 2494 congessit
1126 2414 1161 2477 et
1183 2432 1270 2497 quae
1294 2412 1357 2498 ipsi
1381 2433 1424 2477 ex
1446 2411 1522 2477 aliis

396 2515 506 2602 poitis
537 2516 771 2603 excerpsimus
803 2518 1045 2605 metonymiam
1075 2516 1150 2583 fieri
1182 2515 1339 2600 dicemus,
1375 2519 1404 2582 si
1434 2518 1521 2583 duae

398 2642 453 2688 res
467 2623 557 2688 inter
568 2643 616 2699 ¹se
633 2622 858 2710 conferantur,
883 2645 1026 2710 quarum
1041 2623 1149 2690 altera
1163 2644 1232 2689 non
1247 2623 1409 2709 irrumpat
1425 2625 1523 2709 quasi

396 2730 433 2795 in
457 2728 595 2796 alterius
617 2728 716 2813 fines,
740 2729 800 2795 sed
816 2731 1061 2816 quodammodo
1086 2734 1182 2797 extra
1202 2729 1276 2796 illos
1299 2732 1351 2796 ita
1368 2734 1521 2814 vagetur,

399 2838 440 2902 ut
462 2857 531 2901 una
553 2857 588 2902 re
612 2836 708 2902 alteri
732 2837 776 2902 sit
790 2837 934 2903 finitima
957 2858 997 2903 ac
1018 2837 1217 2925 propinqua;
1240 2836 1330 2903 unde
1353 2859 1415 2904 nos
1436 2859 1523 2925 quac

398 2943 486 3008 ratio
509 2943 597 3008 inter
620 2945 752 3029 tropum
775 2943 1013 3031 notionemque
1036 2946 1202 3031 propriam
1225 2943 1412 3012 intercedat
1435 2946 1523 3027 cogi-

401 3051 514 3115 tantes
538 3050 636 3134 quasi
657 3048 797 3115 limitem
820 3050 1008 3133 transgredi
1030 3052 1244 3137 perspicuum
1265 3054 1325 3118 est.

491 3155 556 3220 Sed
579 3153 664 3221 haec
678 3155 852 3221 hactenus.
894 3157 948 3222 Ad
965 3156 1286 3243 synecdochem
1302 3162 1525 3224 transeamus

402 3262 510 3342 Quam
525 3262 560 3325 in
575 3259 736 3347 plurimas
749 3263 876 3347 species
892 3261 1523 3345 dividitPseudo-Plutarchustt,

402 3368 496 3433 ouius
514 3367 554 3432 de
570 3367 634 3432 hoc
649 3370 744 3454 tropo
760 3369 865 3434 verba
877 3369 1019 3456 exempli
1033 3389 1137 3434 causa
1149 3388 1404 3434 commemorare
1415 3366 1524 3433 liceat.

404 3472 468 3554 Qui
491 3475 680 3557 σννεκὸοχή,
704 3473 822 3560 inquit,
848 3476 912 3539 ἀπὸ
935 3483 991 3539 τοῦ
1019 3477 1141 3559 κυρίως
1164 3476 1400 3557 σημαινομένου
1418 3475 1526 3557 ἔτερόν

402 3605 430 3643 τι
452 3585 517 3643 τῶν
539 3579 603 3643 ὑπὸ
634 3580 669 3644 τὸ
701 3581 778 3645 αὐτὸ
800 3584 894 3663 γένος
925 3584 1028 3645 ὄντων
1058 3586 1242 3662 παριοτᾶσα,
1271 3576 1390 3644 deinde
1422 3600 1524 3645 unam

403 3684 546 3751 formam
572 3684 707 3772 profert,
740 3687 883 3751 ἀπὸτοῦ
908 3688 985 3752 ὅλου
1008 3687 1044 3750 τὸ
1066 3690 1165 3770 μέρος
1188 3684 1283 3750 velut
1307 3683 1406 3765 (Iliad.
1427 3685 1446 3750 l.
1461 3686 1525 3754 XII

403 3813 435 3858 v.
458 3794 530 3877 137)
561 3795 642 3878 βόας
672 3796 761 3868 αὔας,
792 3791 826 3858 id
858 3790 948 3878 quod
977 3792 1066 3857 idem
1093 3791 1208 3858 valeat
1235 3802 1337 3877 atque
1368 3794 1432 3858 ἀπὸ
1459 3801 1527 3859 τῶν

403 3901 494 3982 βοῶν
523 3901 579 3973 τὰς
607 3903 739 3985 βύρσας,
772 3902 807 3974 ἐξ
830 3898 878 3964 ὧν
901 3900 1038 3973 ἀσπίδες,
1063 3900 1180 3983 δηλοῦν
1203 3901 1356 3983 βούλεται,
1385 3901 1525 3967 alteram

496 4078 515 4146 1)
536 4077 612 4143 Quas
625 4077 738 4148 quidem
756 4079 853 4147 partes
871 4075 1038 4130 nominatim
1058 4079 1280 4132 commemorant
1293 4076 1483 4132 Charisius
1496 4079 1529 4131 et

405 4160 595 4218 Sacerdos

496 4253 517 4321 1)
535 4251 566 4306 L.
580 4268 602 4307 s.
615 4267 637 4306 s.
657 4268 702 4323 pg.
716 4252 741 4308 4.

496 4341 516 4411 ³)
535 4339 577 4394 De
595 4341 787 4412 metonymiae
810 4341 839 4395 in
865 4340 1075 4412 epigrammatis
1100 4343 1236 4398 Martialis
1260 4360 1313 4399 usu
1338 4343 1420 4413 (dena
1440 4342 1529 4412 1906).

496 4428 515 4499 4)
535 4428 577 4482 De
597 4429 657 4484 vita
676 4432 704 4484 et
723 4430 803 4501 poesi
821 4430 934 4485 Homeri
953 4430 1030 4487 1122.
