3600 5334
758 603 982 669 ,35-

308 784 411 865 tatur,
429 780 487 847 ubi
502 781 644 867 primum
659 781 849 868 pervenerit
859 780 1011 864 Romam,
1028 802 1130 868 quam
1145 782 1312 848 celerrime
1328 783 1430 852 adeat

306 888 453 955 amicum
469 908 576 953 suum.
622 890 779 956 Protinus
804 891 856 968 (sc.
872 888 964 971 liber)
985 890 1071 955 bunc
1087 891 1217 975 primae
1239 912 1370 973 qucum
1392 891 1430 959 iii

305 997 419 1063 limine
440 996 560 1089 Tectae.
596 994 667 1076 Quo
690 995 725 1059 in
747 1015 849 1061 vorsu
871 997 969 1063 timeo
991 994 1081 1062 idem
1103 994 1215 1062 valere
1239 1016 1279 1062 ac
1301 999 1430 1065 domum

308 1104 362 1167 est
395 1101 615 1188 perspicuum,
649 1104 748 1171 iimcc
782 1103 895 1168 autem
932 1103 1181 1169 commemorari
1215 1124 1237 1168 a
1266 1101 1428 1190 Martiale,

308 1207 396 1295 quod
428 1207 561 1274 maioris
590 1208 688 1294 pretii
718 1210 772 1275 est
803 1207 846 1274 ad
877 1207 921 1290 id,
953 1207 1043 1295 quod
1073 1209 1192 1292 agitur.
1237 1209 1310 1275 Hoc
1340 1210 1430 1277 enim

307 1314 489 1400 petendum
513 1317 575 1398 est,
600 1315 793 1401 priusquam
810 1313 945 1380 domum
965 1315 1116 1398 intravit,
1141 1315 1260 1382 alibro
1275 1315 1427 1403 primum.

307 1420 334 1486 n
351 1421 471 1508 quibus
488 1423 628 1508 apparet
643 1420 794 1488 oratione
811 1426 1028 1507 campartem
1045 1422 1192 1509 exprimi,
1208 1443 1428 1509 quaecunque

308 1549 382 1594 cum
407 1530 478 1594 toto
494 1526 641 1614 quadam
664 1528 794 1595 rationo
819 1528 998 1594 coniuncta
1020 1531 1080 1594 est.
1117 1529 1188 1608 Quo
1203 1527 1255 1610 lit,
1279 1532 1319 1595 ut
1342 1527 1429 1597 duae

307 1634 460 1700 notiones
492 1634 666 1717 etaltera,
697 1655 784 1720 quae
807 1636 1009 1717 nominatur,
1041 1636 1076 1700 et
1104 1632 1220 1716 altera,
1252 1633 1296 1700 ad
1326 1656 1429 1721 quam

308 1744 440 1828 spectat
462 1742 612 1827 verbum,
638 1744 710 1807 tam
733 1741 806 1806 arto
825 1739 959 1807 vinculo
982 1741 1069 1807 inter
1092 1761 1128 1806 se
1152 1739 1363 1826 cohaereant,
1387 1746 1428 1810 ut

308 1848 442 1934 saepius
466 1851 568 1935 atque
585 1848 708 1914 iterum
730 1847 765 1912 in
783 1846 921 1913 dubium
936 1846 1048 1914 vocari
1063 1849 1178 1934 possit,
1204 1849 1316 1913 utrum
1339 1849 1428 1915 inter

306 1952 381 2020 illas
403 1954 488 2021 ratio
511 1955 617 2041 partis
648 1957 682 2021 et
705 1954 810 2021 totius
833 1953 1029 2038 intercedat,
1061 1975 1105 2020 an
1137 1953 1330 2041 accipienda
1359 1956 1428 2024 sint

306 2061 410 2127 verba
433 2082 535 2128 sensu
558 2062 721 2148 proprios)
760 2060 827 2128 Sed
850 2063 889 2127 ut
912 2064 1062 2128 nostram
1086 2061 1290 2128 sententiam
1313 2082 1427 2130 exem·

306 2166 369 2252 plis
393 2167 622 2250 ostendamus,
647 2167 800 2234 conferas
823 2189 949 2255 quaeso
972 2167 1073 2235 haec:
1096 2192 1188 2237 omae
1210 2172 1329 2239 ‘timeri’
1354 2192 1427 2239 coo·

307 2277 383 2343 teris
404 2279 562 2345 sulcator
577 2277 660 2344 VIII
672 2277 725 2361 44,
739 2276 776 2360 43
799 2273 892 2364 [mm]
916 2299 1011 2344 mone
1033 2279 1321 2345 saudaumim
1343 2280 1427 2348 mula

307 2387 400 2466 teias,
430 2382 481 2449 bic
508 2405 563 2469 epo
591 2385 669 2467 quoii
691 2382 840 2467 famum?
873 2382 905 2447 X
920 2383 1004 2467 10,2
1029 2384 1064 2448 et
1086 2382 1107 2446 3
1133 2406 1195 2467 per
1217 2384 1333 2450 limiae
1356 2436 1363 2450 .
1387 2436 1426 2453 ..

306 2495 378 2575 iope
400 2491 534 2558 occidat
556 2491 779 2575 XH18‚4sq.
803 2512 966 2576 scrupeae
988 2496 1075 2557 teras
1097 2511 1170 2556 uim
1191 2490 1308 2556 limiae
1330 2511 1426 2558 macc

305 2603 441 2680 senator,
466 2620 530 2664 esse
553 2598 611 2664 tibi
632 2599 741 2664 uideor
762 2597 939 2664 domitiosus
962 2617 1055 2679 cuum
1077 2595 1240 2676 nilion
1266 2595 1301 2659 et
1324 2595 1353 2659 2.

396 2701 443 2767 Ut
471 2701 536 2767 illis
566 2701 648 2767 loeis
679 2702 775 2767 nobis
809 2701 975 2767 dubitatio
1005 2699 1149 2782 inicitur,
1181 2703 1294 2765 utrum
1324 2702 1426 2785 podta

304 2809 429 2891 cogitet
452 2808 492 2873 de
515 2807 628 2873 limine
653 2806 723 2872 solo
748 2827 793 2871 an
816 2806 857 2872 de
881 2808 955 2872 tota
978 2804 1085 2887 demo,
1109 2807 1159 2870 ita
1181 2806 1216 2871 in
1239 2804 1291 2870 his
1311 2808 1426 2892 potest

306 2912 444 2979 dubium
469 2932 552 2995 esse,
584 2915 697 2978 utrum
719 2910 808 2977 illius
832 2912 943 2978 animo
968 2910 1165 2978 observetur
1188 2919 1260 2980 rota
1281 2911 1356 2998 ipsa
1380 2933 1425 2979 an

303 3042 420 3086 carius
443 3019 551 3085 totus:
575 3041 632 3086 rice
655 3026 684 3086 te
704 3019 842 3086 barbara
863 3020 1078 3088 contumeliosi
1093 3021 1249 3087 cebetem
1264 3027 1336 3087 roto
1352 3042 1426 3088 eoc-

303 3133 387 3194 icuot
411 3124 534 3193 mbulet
555 3124 632 3210 X7,
658 3127 679 3189 4
703 3130 737 3191 et
759 3125 789 3191 5.
834 3124 934 3192 Porro
957 3124 1048 3191 aliud
1071 3126 1260 3213 exemplum
1283 3125 1425 3197 adicias:

304 3240 393 3301 sexta
416 3234 543 3318 prorepit
572 3233 680 3316 hume,
711 3254 769 3300 aee
797 3239 905 3299 temeri
928 3239 994 3300 toto
1017 3235 1070 3312 (sc.
1086 3234 1235 3316 Erotion)
1259 3232 1359 3317 V37,
1375 3235 1424 3301 16.

303 3337 470 3405 Exstatne
492 3337 555 3404 hoc
577 3338 648 3405 loco
671 3340 771 3406 hiems
793 3359 852 3425 pro
876 3346 938 3406 toto
961 3338 1076 3406 abac?
1121 3339 1225 3405 Nobis
1249 3340 1296 3405 sic
1320 3361 1423 3426 quae-

304 3445 455 3511 rentibus
479 3446 620 3512 oeeurrit
642 3466 770 3531 versus
797 3446 856 3532 qui
878 3444 921 3511 ad
946 3443 1086 3511 eandem
1109 3444 1256 3532 puellam
1280 3447 1423 3532 spectat:

303 3554 474 3638 impletura
496 3556 562 3630 fuit
583 3561 690 3621 sextae
713 3556 804 3620 meio
830 3554 958 3639 friqoua
984 3553 1114 3620 brumae
1140 3550 1172 3616 V
1188 3552 1241 3636 34,
1251 3552 1282 3635 5,
1312 3572 1330 3617 e
1358 3572 1423 3638 quo

305 3658 414 3725 elucet
435 3658 528 3725 illam
550 3660 712 3744 virginem
735 3681 770 3726 re
794 3680 876 3725 vera
892 3659 1002 3726 obisse
1018 3661 1159 3725 mortem
1174 3657 1291 3724 hieme.
1331 3657 1423 3738 Quae

305 3764 417 3831 omnia
439 3786 614 3832 monemus
638 3768 754 3833 contra
776 3766 945 3832 Ericum
968 3763 1236 3848 Lindskog,²)
1268 3764 1325 3850 qui
1348 3785 1424 3832 cum

302 3853 549 3957 synecdocham
571 3871 674 3939 latius
696 3875 812 3960 patere
835 3871 926 3956 velit,
949 3893 1026 3939 eum
1042 3874 1175 3959 tropum
1191 3873 1287 3936 tanto
1304 3870 1423 3938 melius

304 3976 501 4044 conformari
531 3981 662 4058 censet,
702 3981 829 4065 quanto
860 3978 967 4061 magis
998 3978 1041 4045 ad
1072 3977 1231 4045 cotidiani
1261 3978 1423 4044 sermonis

304 4103 408 4164 genus
432 4084 578 4151 accedat.
617 4085 745 4152 Deinde
761 4084 849 4150 inira
861 4085 1068 4173 permultis,
1093 4084 1211 4172 inquit,
1236 4084 1328 4151 ‘locis
1343 4088 1422 4151 tan·

303 4235 516 4249 ————-—

393 4333 410 4402 ¹)
430 4332 472 4388 ef.
492 4335 626 4389 Gorber
643 4333 660 4388 l.
674 4350 696 4390 s.
709 4350 731 4390 s.
745 4335 771 4388 II
789 4350 835 4405 pg.
848 4333 892 4389 35.

391 4421 411 4490 ⁹)
430 4421 536 4492 Pg.15.
