3600 5334
623 1020 767 1135 Vitae
804 1020 1092 1162 descriptio.

386 1324 497 1392 Natus
526 1346 601 1393 sum
632 1322 871 1393 Gualterus
903 1323 1093 1392 Stietzel
1123 1322 1419 1409 Magdeburgensie

300 1453 329 1500 a
353 1433 382 1499 d.
406 1430 491 1498 XVI.
506 1431 580 1499 Kal
596 1434 672 1520 Apr.
697 1454 726 1499 a.
753 1432 838 1498 1872
854 1434 950 1519 patre
965 1430 1133 1499 Ludovico
1155 1430 1226 1498 ludi
1248 1432 1418 1516 magistro,

299 1540 405 1606 matre
427 1538 534 1605 Maria
557 1560 576 1606 e
599 1541 700 1623 gente
724 1536 939 1605 Brinlrmann.

386 1645 504 1712 Primis
528 1644 702 1713 elementis
722 1644 909 1732 litterisque
932 1645 967 1711 in
990 1644 1081 1711 urbis
1097 1644 1226 1732 patriae
1242 1644 1418 1732 gymnasio

299 1752 381 1820 reali
395 1752 573 1820 institutus
589 1774 617 1819 a
633 1753 718 1819 1886
734 1752 769 1819 in
785 1752 920 1819 tertiam
937 1750 1080 1818 classem
1103 1751 1305 1839 superiorem
1321 1771 1418 1839 gym-

298 1859 394 1943 nasii,
419 1860 470 1925 cui
494 1857 637 1926 inditum
653 1862 706 1926 est
722 1879 843 1926 nomen
860 1856 1017 1926 Guilelmi
1038 1858 1135 1942 regis,
1158 1860 1311 1945 receptus
1335 1877 1419 1924 sum.

386 1964 466 2033 lnde
489 1986 567 2033 vere
591 1987 620 2033 a.
640 1965 724 2033 1892
741 1985 817 2033 cum
832 1964 1039 2033 maturitatis
1054 1964 1247 2033 testimonio
1262 1962 1420 2031 dimissus

297 2072 396 2140 lenae
420 2076 455 2140 et
477 2071 571 2139 Halis
587 2071 664 2140 Sax.
680 2071 800 2141 studiis
816 2071 1021 2160 philologieis
1036 2071 1268 2160 historicisque
1284 2091 1420 2161 operam

298 2176 382 2247 dedi.
429 2178 556 2261 Quibus
586 2180 621 2246 in
652 2179 831 2248 academiis
862 2178 1047 2247 docuerunt
1076 2199 1130 2247 me
1154 2179 1217 2246 viri
1240 2176 1420 2246 doctissimi

298 2285 467 2353 lonenses:
484 2286 655 2371 (dedita,
672 2286 910 2369 Delbrueclr,
927 2284 1101 2369 Euclea,
1115 2284 1267 2369 Gelzer,
1281 2283 1419 2370 (loeta,

299 2391 461 2477 Hirzel,
493 2393 645 2479 Kluge‚
676 2395 929 2481 Liebenam,
957 2392 1213 2477 Liebmann,
1238 2390 1419 2477 Lorenz,

299 2497 544 2585 Schmiedel,
573 2500 613 2568 H.
637 2502 760 2590 Stoy,
785 2501 840 2569 St.
864 2501 988 2590 Stoy,
1012 2499 1209 2583 Schwan;
1240 2497 1419 2565 Halenses:

298 2603 441 2689 Elaos,
488 2606 818 2693 Dittenberger‚
861 2607 973 2691 Keil,
1020 2603 1269 2690 Kirchhoii,
1315 2604 1420 2690 Ihm,

207 2758 227 2793 0
299 2707 504 2794 Lindner,
526 2708 762 2801 EdMeyer,
788 2712 1420 2801 Suchier,Uphues‚Vaihinger.

388 2816 560 2883 Autumno
592 2819 706 2885 autem
731 2839 760 2885 a.
786 2820 871 2886 1899
899 2818 1099 2888 facultatem
1129 2841 1250 2908 pueros
1281 2816 1421 2886 docendi

301 2921 442 3010 adeptus
466 2920 564 2988 modo
587 2921 664 2988 huic
686 2922 783 2992 modo
802 2923 847 2990 illi
863 2926 1037 3013 gymnasio
1065 2927 1250 2994 attributus
1274 2947 1358 3009 sum,
1382 2928 1422 2992 ut

300 3028 478 3116 discipulos
501 3026 665 3095 erudirem
694 3029 736 3096 iis
770 3030 907 3115 artibus,
942 3032 1063 3119 quibus
1091 3037 1188 3101 aetas
1215 3031 1349 3121 puerilis
1376 3029 1420 3097 ad

300 3135 547 3202 humanitatem
562 3133 732 3202 informari
755 3134 852 3219 solet,
876 3157 917 3203 ac
932 3139 1074 3225 primum
1089 3137 1224 3226 quidem
1246 3134 1367 3223 Magd
1378 3156 1421 3203 e·

301 3242 523 3327 burgensi,
548 3240 667 3310 deinde
684 3240 1115 3330 Guilelmiportensi,
1132 3246 1205 3312 tum
1221 3243 1419 3329 stadensi,

301 3348 444 3437 denique
467 3348 841 3432 Duderstadensi,
873 3349 932 3416 ubi
962 3350 997 3416 in
1028 3350 1265 3434 magistrorum
1288 3348 1420 3417 ordina·

299 3462 422 3530 riorum
444 3475 619 3528 numerum
640 3461 794 3547 receptus
817 3478 901 3525 sum.

390 3568 456 3636 Sed
479 3588 684 3655 quamquam
706 3567 740 3633 in
765 3565 953 3633 scholarum
977 3561 1178 3629 umbraculis
1202 3561 1420 3644 desudabam,

300 3676 334 3744 id
358 3697 459 3764 quam
474 3676 619 3742 maxime
636 3672 840 3762 spectabam,
865 3671 954 3738 utin
971 3668 1083 3756 aliquo
1098 3668 1284 3735 litterarum
1301 3687 1420 3751 genere

301 3803 460 3851 versarer.
507 3780 642 3849 Gratias
674 3783 789 3846 autem
820 3798 883 3862 ago
912 3796 1012 3864 quam
1039 3774 1206 3841 maximas
1233 3771 1419 3857 Georgia

301 3889 455 3975 (loeta,
492 3888 549 3976 qui
580 3889 614 3953 et
645 3906 775 3973 semper
804 3882 918 3951 iautor
948 3882 1135 3950 studiorum
1162 3877 1421 3964 benignissimus

300 3996 382 4064 mihi
403 3994 471 4062 iuit
502 3999 537 4062 et
567 3994 602 4061 in
624 3992 688 4060 hac
720 3989 1002 4059 commentatione
1033 3986 1263 4073 componenda
1286 3982 1421 4051 consilio

302 4124 355 4170 me
380 4102 518 4170 adiuvit.

754 4366 968 4380 *—
